%YAML 1.1
%TAG !u! tag:unity3d.com,2011:
--- !u!29 &1
OcclusionCullingSettings:
  m_ObjectHideFlags: 0
  serializedVersion: 2
  m_OcclusionBakeSettings:
    smallestOccluder: 5
    smallestHole: 0.25
    backfaceThreshold: 100
  m_SceneGUID: 00000000000000000000000000000000
  m_OcclusionCullingData: {fileID: 0}
--- !u!104 &2
RenderSettings:
  m_ObjectHideFlags: 0
  serializedVersion: 9
  m_Fog: 0
  m_FogColor: {r: 0.5, g: 0.5, b: 0.5, a: 1}
  m_FogMode: 3
  m_FogDensity: 0.01
  m_LinearFogStart: 0
  m_LinearFogEnd: 300
  m_AmbientSkyColor: {r: 0.212, g: 0.227, b: 0.259, a: 1}
  m_AmbientEquatorColor: {r: 0.114, g: 0.125, b: 0.133, a: 1}
  m_AmbientGroundColor: {r: 0.047, g: 0.043, b: 0.035, a: 1}
  m_AmbientIntensity: 1
  m_AmbientMode: 0
  m_SubtractiveShadowColor: {r: 0.42, g: 0.478, b: 0.627, a: 1}
  m_SkyboxMaterial: {fileID: 10304, guid: 0000000000000000f000000000000000, type: 0}
  m_HaloStrength: 0.5
  m_FlareStrength: 1
  m_FlareFadeSpeed: 3
  m_HaloTexture: {fileID: 0}
  m_SpotCookie: {fileID: 10001, guid: 0000000000000000e000000000000000, type: 0}
  m_DefaultReflectionMode: 0
  m_DefaultReflectionResolution: 128
  m_ReflectionBounces: 1
  m_ReflectionIntensity: 1
  m_CustomReflection: {fileID: 0}
  m_Sun: {fileID: 0}
  m_IndirectSpecularColor: {r: 0.16788355, g: 0.21073574, b: 0.2899406, a: 1}
  m_UseRadianceAmbientProbe: 0
--- !u!157 &3
LightmapSettings:
  m_ObjectHideFlags: 0
  serializedVersion: 12
  m_GIWorkflowMode: 1
  m_GISettings:
    serializedVersion: 2
    m_BounceScale: 1
    m_IndirectOutputScale: 1
    m_AlbedoBoost: 1
    m_EnvironmentLightingMode: 0
    m_EnableBakedLightmaps: 1
    m_EnableRealtimeLightmaps: 1
  m_LightmapEditorSettings:
    serializedVersion: 12
    m_Resolution: 2
    m_BakeResolution: 40
    m_AtlasSize: 1024
    m_AO: 0
    m_AOMaxDistance: 1
    m_CompAOExponent: 0
    m_CompAOExponentDirect: 0
    m_ExtractAmbientOcclusion: 0
    m_Padding: 2
    m_LightmapParameters: {fileID: 0}
    m_LightmapsBakeMode: 1
    m_TextureCompression: 1
    m_FinalGather: 0
    m_FinalGatherFiltering: 1
    m_FinalGatherRayCount: 1024
    m_ReflectionCompression: 2
    m_MixedBakeMode: 1
    m_BakeBackend: 0
    m_PVRSampling: 1
    m_PVRDirectSampleCount: 32
    m_PVRSampleCount: 500
    m_PVRBounces: 2
    m_PVREnvironmentSampleCount: 500
    m_PVREnvironmentReferencePointCount: 2048
    m_PVRFilteringMode: 0
    m_PVRDenoiserTypeDirect: 0
    m_PVRDenoiserTypeIndirect: 0
    m_PVRDenoiserTypeAO: 0
    m_PVRFilterTypeDirect: 0
    m_PVRFilterTypeIndirect: 0
    m_PVRFilterTypeAO: 0
    m_PVREnvironmentMIS: 0
    m_PVRCulling: 1
    m_PVRFilteringGaussRadiusDirect: 1
    m_PVRFilteringGaussRadiusIndirect: 5
    m_PVRFilteringGaussRadiusAO: 2
    m_PVRFilteringAtrousPositionSigmaDirect: 0.5
    m_PVRFilteringAtrousPositionSigmaIndirect: 2
    m_PVRFilteringAtrousPositionSigmaAO: 1
    m_ExportTrainingData: 0
    m_TrainingDataDestination: TrainingData
    m_LightProbeSampleCountMultiplier: 4
  m_LightingDataAsset: {fileID: 112000002, guid: 7c8e0d280c24c4aba81a4294e87548ec,
    type: 2}
  m_LightingSettings: {fileID: 4890085278179872738, guid: 733e59c229f3b964991347f91df7f28d,
    type: 2}
--- !u!196 &4
NavMeshSettings:
  serializedVersion: 2
  m_ObjectHideFlags: 0
  m_BuildSettings:
    serializedVersion: 2
    agentTypeID: 0
    agentRadius: 0.5
    agentHeight: 2
    agentSlope: 45
    agentClimb: 0.4
    ledgeDropHeight: 0
    maxJumpAcrossDistance: 0
    minRegionArea: 2
    manualCellSize: 0
    cellSize: 0.16666667
    manualTileSize: 0
    tileSize: 256
    accuratePlacement: 0
    maxJobWorkers: 0
    preserveTilesOutsideBounds: 0
    debug:
      m_Flags: 0
  m_NavMeshData: {fileID: 0}
--- !u!1001 &132331811
PrefabInstance:
  m_ObjectHideFlags: 0
  serializedVersion: 2
  m_Modification:
    m_TransformParent: {fileID: 1061694890}
    m_Modifications:
    - target: {fileID: 100000, guid: c0c42e3ceebd42943ade3b7414c47afd, type: 3}
      propertyPath: m_Name
      value: rail (2)
      objectReference: {fileID: 0}
    - target: {fileID: 400000, guid: c0c42e3ceebd42943ade3b7414c47afd, type: 3}
      propertyPath: m_RootOrder
      value: 23
      objectReference: {fileID: 0}
    - target: {fileID: 400000, guid: c0c42e3ceebd42943ade3b7414c47afd, type: 3}
      propertyPath: m_LocalPosition.x
      value: 4.5999985
      objectReference: {fileID: 0}
    - target: {fileID: 400000, guid: c0c42e3ceebd42943ade3b7414c47afd, type: 3}
      propertyPath: m_LocalPosition.y
      value: 5
      objectReference: {fileID: 0}
    - target: {fileID: 400000, guid: c0c42e3ceebd42943ade3b7414c47afd, type: 3}
      propertyPath: m_LocalPosition.z
      value: 5.7700005
      objectReference: {fileID: 0}
    - target: {fileID: 400000, guid: c0c42e3ceebd42943ade3b7414c47afd, type: 3}
      propertyPath: m_LocalRotation.w
      value: 0.7071067
      objectReference: {fileID: 0}
    - target: {fileID: 400000, guid: c0c42e3ceebd42943ade3b7414c47afd, type: 3}
      propertyPath: m_LocalRotation.x
      value: 0
      objectReference: {fileID: 0}
    - target: {fileID: 400000, guid: c0c42e3ceebd42943ade3b7414c47afd, type: 3}
      propertyPath: m_LocalRotation.y
      value: -0.7071068
      objectReference: {fileID: 0}
    - target: {fileID: 400000, guid: c0c42e3ceebd42943ade3b7414c47afd, type: 3}
      propertyPath: m_LocalRotation.z
      value: 0
      objectReference: {fileID: 0}
    - target: {fileID: 400000, guid: c0c42e3ceebd42943ade3b7414c47afd, type: 3}
      propertyPath: m_LocalEulerAnglesHint.y
      value: -90
      objectReference: {fileID: 0}
    m_RemovedComponents: []
  m_SourcePrefab: {fileID: 100100000, guid: c0c42e3ceebd42943ade3b7414c47afd, type: 3}
--- !u!4 &132331812 stripped
Transform:
  m_CorrespondingSourceObject: {fileID: 400000, guid: c0c42e3ceebd42943ade3b7414c47afd,
    type: 3}
  m_PrefabInstance: {fileID: 132331811}
  m_PrefabAsset: {fileID: 0}
--- !u!1001 &140224716
PrefabInstance:
  m_ObjectHideFlags: 0
  serializedVersion: 2
  m_Modification:
    m_TransformParent: {fileID: 1061694890}
    m_Modifications:
    - target: {fileID: 400008, guid: 92afa2e4e0d0b8542bf48b0de3ac19bd, type: 3}
      propertyPath: m_RootOrder
      value: 3
      objectReference: {fileID: 0}
    - target: {fileID: 400008, guid: 92afa2e4e0d0b8542bf48b0de3ac19bd, type: 3}
      propertyPath: m_LocalScale.x
      value: 0.5
      objectReference: {fileID: 0}
    - target: {fileID: 400008, guid: 92afa2e4e0d0b8542bf48b0de3ac19bd, type: 3}
      propertyPath: m_LocalScale.y
      value: 0.5
      objectReference: {fileID: 0}
    - target: {fileID: 400008, guid: 92afa2e4e0d0b8542bf48b0de3ac19bd, type: 3}
      propertyPath: m_LocalScale.z
      value: 0.5
      objectReference: {fileID: 0}
    - target: {fileID: 400008, guid: 92afa2e4e0d0b8542bf48b0de3ac19bd, type: 3}
      propertyPath: m_LocalPosition.x
      value: -21.32
      objectReference: {fileID: 0}
    - target: {fileID: 400008, guid: 92afa2e4e0d0b8542bf48b0de3ac19bd, type: 3}
      propertyPath: m_LocalPosition.y
      value: 3.24
      objectReference: {fileID: 0}
    - target: {fileID: 400008, guid: 92afa2e4e0d0b8542bf48b0de3ac19bd, type: 3}
      propertyPath: m_LocalPosition.z
      value: 1.0100002
      objectReference: {fileID: 0}
    - target: {fileID: 400008, guid: 92afa2e4e0d0b8542bf48b0de3ac19bd, type: 3}
      propertyPath: m_LocalRotation.w
      value: 0.7071068
      objectReference: {fileID: 0}
    - target: {fileID: 400008, guid: 92afa2e4e0d0b8542bf48b0de3ac19bd, type: 3}
      propertyPath: m_LocalRotation.x
      value: -0.7071068
      objectReference: {fileID: 0}
    - target: {fileID: 400008, guid: 92afa2e4e0d0b8542bf48b0de3ac19bd, type: 3}
      propertyPath: m_LocalRotation.y
      value: 0
      objectReference: {fileID: 0}
    - target: {fileID: 400008, guid: 92afa2e4e0d0b8542bf48b0de3ac19bd, type: 3}
      propertyPath: m_LocalRotation.z
      value: 0
      objectReference: {fileID: 0}
    m_RemovedComponents: []
  m_SourcePrefab: {fileID: 100100000, guid: 92afa2e4e0d0b8542bf48b0de3ac19bd, type: 3}
--- !u!4 &140224717 stripped
Transform:
  m_CorrespondingSourceObject: {fileID: 400008, guid: 92afa2e4e0d0b8542bf48b0de3ac19bd,
    type: 3}
  m_PrefabInstance: {fileID: 140224716}
  m_PrefabAsset: {fileID: 0}
--- !u!1 &198647832
GameObject:
  m_ObjectHideFlags: 0
  m_CorrespondingSourceObject: {fileID: 0}
  m_PrefabInstance: {fileID: 0}
  m_PrefabAsset: {fileID: 0}
  serializedVersion: 6
  m_Component:
  - component: {fileID: 198647836}
  - component: {fileID: 198647835}
  - component: {fileID: 198647834}
  - component: {fileID: 198647833}
  m_Layer: 0
  m_Name: Grassland
  m_TagString: Untagged
  m_Icon: {fileID: 0}
  m_NavMeshLayer: 0
  m_StaticEditorFlags: 0
  m_IsActive: 1
--- !u!23 &198647833
MeshRenderer:
  m_ObjectHideFlags: 0
  m_CorrespondingSourceObject: {fileID: 0}
  m_PrefabInstance: {fileID: 0}
  m_PrefabAsset: {fileID: 0}
  m_GameObject: {fileID: 198647832}
  m_Enabled: 1
  m_CastShadows: 1
  m_ReceiveShadows: 1
  m_DynamicOccludee: 1
  m_StaticShadowCaster: 0
  m_MotionVectors: 1
  m_LightProbeUsage: 1
  m_ReflectionProbeUsage: 1
  m_RayTracingMode: 2
  m_RayTraceProcedural: 0
  m_RenderingLayerMask: 1
  m_RendererPriority: 0
  m_Materials:
  - {fileID: 2100000, guid: ba3bddb608259184783916ac7915d5a2, type: 2}
  m_StaticBatchInfo:
    firstSubMesh: 0
    subMeshCount: 0
  m_StaticBatchRoot: {fileID: 0}
  m_ProbeAnchor: {fileID: 0}
  m_LightProbeVolumeOverride: {fileID: 0}
  m_ScaleInLightmap: 1
  m_ReceiveGI: 1
  m_PreserveUVs: 1
  m_IgnoreNormalsForChartDetection: 0
  m_ImportantGI: 0
  m_StitchLightmapSeams: 0
  m_SelectedEditorRenderState: 3
  m_MinimumChartSize: 4
  m_AutoUVMaxDistance: 0.5
  m_AutoUVMaxAngle: 89
  m_LightmapParameters: {fileID: 0}
  m_SortingLayerID: 0
  m_SortingLayer: 0
  m_SortingOrder: 0
  m_AdditionalVertexStreams: {fileID: 0}
--- !u!64 &198647834
MeshCollider:
  m_ObjectHideFlags: 0
  m_CorrespondingSourceObject: {fileID: 0}
  m_PrefabInstance: {fileID: 0}
  m_PrefabAsset: {fileID: 0}
  m_GameObject: {fileID: 198647832}
  m_Material: {fileID: 0}
  m_IsTrigger: 0
  m_Enabled: 1
  serializedVersion: 4
  m_Convex: 0
  m_CookingOptions: 30
  m_Mesh: {fileID: 10210, guid: 0000000000000000e000000000000000, type: 0}
--- !u!33 &198647835
MeshFilter:
  m_ObjectHideFlags: 0
  m_CorrespondingSourceObject: {fileID: 0}
  m_PrefabInstance: {fileID: 0}
  m_PrefabAsset: {fileID: 0}
  m_GameObject: {fileID: 198647832}
  m_Mesh: {fileID: 10210, guid: 0000000000000000e000000000000000, type: 0}
--- !u!4 &198647836
Transform:
  m_ObjectHideFlags: 0
  m_CorrespondingSourceObject: {fileID: 0}
  m_PrefabInstance: {fileID: 0}
  m_PrefabAsset: {fileID: 0}
  m_GameObject: {fileID: 198647832}
  m_LocalRotation: {x: 0.7071068, y: 0, z: 0, w: 0.7071067}
  m_LocalPosition: {x: 0, y: -0.01, z: 0}
  m_LocalScale: {x: 500, y: 500, z: 1}
  m_ConstrainProportionsScale: 0
  m_Children: []
  m_Father: {fileID: 0}
  m_RootOrder: 2
  m_LocalEulerAnglesHint: {x: 90, y: 0, z: 0}
--- !u!1001 &222079327
PrefabInstance:
  m_ObjectHideFlags: 0
  serializedVersion: 2
  m_Modification:
    m_TransformParent: {fileID: 1061694890}
    m_Modifications:
    - target: {fileID: 400000, guid: c0c42e3ceebd42943ade3b7414c47afd, type: 3}
      propertyPath: m_RootOrder
      value: 2
      objectReference: {fileID: 0}
    - target: {fileID: 400000, guid: c0c42e3ceebd42943ade3b7414c47afd, type: 3}
      propertyPath: m_LocalPosition.x
      value: -34.91
      objectReference: {fileID: 0}
    - target: {fileID: 400000, guid: c0c42e3ceebd42943ade3b7414c47afd, type: 3}
      propertyPath: m_LocalPosition.y
      value: 0
      objectReference: {fileID: 0}
    - target: {fileID: 400000, guid: c0c42e3ceebd42943ade3b7414c47afd, type: 3}
      propertyPath: m_LocalPosition.z
      value: -5.8
      objectReference: {fileID: 0}
    - target: {fileID: 400000, guid: c0c42e3ceebd42943ade3b7414c47afd, type: 3}
      propertyPath: m_LocalRotation.w
      value: 1
      objectReference: {fileID: 0}
    - target: {fileID: 400000, guid: c0c42e3ceebd42943ade3b7414c47afd, type: 3}
      propertyPath: m_LocalRotation.x
      value: 0
      objectReference: {fileID: 0}
    - target: {fileID: 400000, guid: c0c42e3ceebd42943ade3b7414c47afd, type: 3}
      propertyPath: m_LocalRotation.y
      value: 0
      objectReference: {fileID: 0}
    - target: {fileID: 400000, guid: c0c42e3ceebd42943ade3b7414c47afd, type: 3}
      propertyPath: m_LocalRotation.z
      value: 0
      objectReference: {fileID: 0}
    - target: {fileID: 400000, guid: c0c42e3ceebd42943ade3b7414c47afd, type: 3}
      propertyPath: m_LocalEulerAnglesHint.y
      value: 0
      objectReference: {fileID: 0}
    m_RemovedComponents: []
  m_SourcePrefab: {fileID: 100100000, guid: c0c42e3ceebd42943ade3b7414c47afd, type: 3}
--- !u!4 &222079328 stripped
Transform:
  m_CorrespondingSourceObject: {fileID: 400000, guid: c0c42e3ceebd42943ade3b7414c47afd,
    type: 3}
  m_PrefabInstance: {fileID: 222079327}
  m_PrefabAsset: {fileID: 0}
--- !u!1 &253113280
GameObject:
  m_ObjectHideFlags: 0
  m_CorrespondingSourceObject: {fileID: 0}
  m_PrefabInstance: {fileID: 0}
  m_PrefabAsset: {fileID: 0}
  serializedVersion: 6
  m_Component:
  - component: {fileID: 253113282}
  m_Layer: 0
  m_Name: Grid Position 2
  m_TagString: Untagged
  m_Icon: {fileID: 0}
  m_NavMeshLayer: 0
  m_StaticEditorFlags: 0
  m_IsActive: 1
--- !u!4 &253113282
Transform:
  m_ObjectHideFlags: 0
  m_CorrespondingSourceObject: {fileID: 0}
  m_PrefabInstance: {fileID: 0}
  m_PrefabAsset: {fileID: 0}
  m_GameObject: {fileID: 253113280}
  m_LocalRotation: {x: 0, y: 0.7071068, z: 0, w: 0.7071068}
  m_LocalPosition: {x: -12.763145, y: 1, z: -8.297325}
  m_LocalScale: {x: 1, y: 1, z: 1}
  m_ConstrainProportionsScale: 0
  m_Children: []
  m_Father: {fileID: 338861663}
  m_RootOrder: 1
  m_LocalEulerAnglesHint: {x: 0, y: 90, z: 0}
--- !u!1 &338861661
GameObject:
  m_ObjectHideFlags: 0
  m_CorrespondingSourceObject: {fileID: 0}
  m_PrefabInstance: {fileID: 0}
  m_PrefabAsset: {fileID: 0}
  serializedVersion: 6
  m_Component:
  - component: {fileID: 338861663}
  - component: {fileID: 338861664}
  m_Layer: 0
  m_Name: Slot Lanes
  m_TagString: Untagged
  m_Icon: {fileID: 0}
  m_NavMeshLayer: 0
  m_StaticEditorFlags: 0
  m_IsActive: 1
--- !u!4 &338861663
Transform:
  m_ObjectHideFlags: 0
  m_CorrespondingSourceObject: {fileID: 0}
  m_PrefabInstance: {fileID: 0}
  m_PrefabAsset: {fileID: 0}
  m_GameObject: {fileID: 338861661}
  m_LocalRotation: {x: 0, y: 0, z: 0, w: 1}
  m_LocalPosition: {x: 0, y: 0, z: 0}
  m_LocalScale: {x: 1, y: 1, z: 1}
  m_ConstrainProportionsScale: 0
  m_Children:
  - {fileID: 1608010008}
  - {fileID: 253113282}
  - {fileID: 1416075656}
  - {fileID: 1201076398}
  m_Father: {fileID: 0}
  m_RootOrder: 4
  m_LocalEulerAnglesHint: {x: 0, y: 0, z: 0}
--- !u!114 &338861664
MonoBehaviour:
  m_ObjectHideFlags: 0
  m_CorrespondingSourceObject: {fileID: 0}
  m_PrefabInstance: {fileID: 0}
  m_PrefabAsset: {fileID: 0}
  m_GameObject: {fileID: 338861661}
  m_Enabled: 1
  m_EditorHideFlags: 0
  m_Script: {fileID: 11500000, guid: 2f1623a71a706674880bf229cfdb2542, type: 3}
  m_Name: 
  m_EditorClassIdentifier: 
  gridTransforms:
  - {fileID: 1608010008}
  - {fileID: 253113282}
  - {fileID: 1416075656}
  - {fileID: 1201076398}
--- !u!1001 &364374632
PrefabInstance:
  m_ObjectHideFlags: 0
  serializedVersion: 2
  m_Modification:
    m_TransformParent: {fileID: 1061694890}
    m_Modifications:
    - target: {fileID: 100000, guid: ca7c80957e4a0044c8068142334ca1b3, type: 3}
      propertyPath: m_Name
      value: roadStraight (1)
      objectReference: {fileID: 0}
    - target: {fileID: 400000, guid: ca7c80957e4a0044c8068142334ca1b3, type: 3}
      propertyPath: m_RootOrder
      value: 14
      objectReference: {fileID: 0}
    - target: {fileID: 400000, guid: ca7c80957e4a0044c8068142334ca1b3, type: 3}
      propertyPath: m_LocalPosition.x
      value: 14.999985
      objectReference: {fileID: 0}
    - target: {fileID: 400000, guid: ca7c80957e4a0044c8068142334ca1b3, type: 3}
      propertyPath: m_LocalPosition.y
      value: 0
      objectReference: {fileID: 0}
    - target: {fileID: 400000, guid: ca7c80957e4a0044c8068142334ca1b3, type: 3}
      propertyPath: m_LocalPosition.z
      value: -5
      objectReference: {fileID: 0}
    - target: {fileID: 400000, guid: ca7c80957e4a0044c8068142334ca1b3, type: 3}
      propertyPath: m_LocalRotation.w
      value: 0.7071076
      objectReference: {fileID: 0}
    - target: {fileID: 400000, guid: ca7c80957e4a0044c8068142334ca1b3, type: 3}
      propertyPath: m_LocalRotation.x
      value: 0
      objectReference: {fileID: 0}
    - target: {fileID: 400000, guid: ca7c80957e4a0044c8068142334ca1b3, type: 3}
      propertyPath: m_LocalRotation.y
      value: 0.707106
      objectReference: {fileID: 0}
    - target: {fileID: 400000, guid: ca7c80957e4a0044c8068142334ca1b3, type: 3}
      propertyPath: m_LocalRotation.z
      value: 0
      objectReference: {fileID: 0}
    - target: {fileID: 400000, guid: ca7c80957e4a0044c8068142334ca1b3, type: 3}
      propertyPath: m_LocalEulerAnglesHint.y
      value: 89.9999
      objectReference: {fileID: 0}
    m_RemovedComponents: []
  m_SourcePrefab: {fileID: 100100000, guid: ca7c80957e4a0044c8068142334ca1b3, type: 3}
--- !u!4 &364374633 stripped
Transform:
  m_CorrespondingSourceObject: {fileID: 400000, guid: ca7c80957e4a0044c8068142334ca1b3,
    type: 3}
  m_PrefabInstance: {fileID: 364374632}
  m_PrefabAsset: {fileID: 0}
--- !u!1001 &369351564
PrefabInstance:
  m_ObjectHideFlags: 0
  serializedVersion: 2
  m_Modification:
    m_TransformParent: {fileID: 1061694890}
    m_Modifications:
    - target: {fileID: 400000, guid: 271d69ba92e5ec94eaa3779f0ea4ce47, type: 3}
      propertyPath: m_RootOrder
      value: 5
      objectReference: {fileID: 0}
    - target: {fileID: 400000, guid: 271d69ba92e5ec94eaa3779f0ea4ce47, type: 3}
      propertyPath: m_LocalPosition.x
      value: -15
      objectReference: {fileID: 0}
    - target: {fileID: 400000, guid: 271d69ba92e5ec94eaa3779f0ea4ce47, type: 3}
      propertyPath: m_LocalPosition.y
      value: 0
      objectReference: {fileID: 0}
    - target: {fileID: 400000, guid: 271d69ba92e5ec94eaa3779f0ea4ce47, type: 3}
      propertyPath: m_LocalPosition.z
      value: -5
      objectReference: {fileID: 0}
    - target: {fileID: 400000, guid: 271d69ba92e5ec94eaa3779f0ea4ce47, type: 3}
      propertyPath: m_LocalRotation.w
      value: 1
      objectReference: {fileID: 0}
    - target: {fileID: 400000, guid: 271d69ba92e5ec94eaa3779f0ea4ce47, type: 3}
      propertyPath: m_LocalRotation.x
      value: 0
      objectReference: {fileID: 0}
    - target: {fileID: 400000, guid: 271d69ba92e5ec94eaa3779f0ea4ce47, type: 3}
      propertyPath: m_LocalRotation.y
      value: 0
      objectReference: {fileID: 0}
    - target: {fileID: 400000, guid: 271d69ba92e5ec94eaa3779f0ea4ce47, type: 3}
      propertyPath: m_LocalRotation.z
      value: 0
      objectReference: {fileID: 0}
    m_RemovedComponents: []
  m_SourcePrefab: {fileID: 100100000, guid: 271d69ba92e5ec94eaa3779f0ea4ce47, type: 3}
--- !u!4 &369351565 stripped
Transform:
  m_CorrespondingSourceObject: {fileID: 400000, guid: 271d69ba92e5ec94eaa3779f0ea4ce47,
    type: 3}
  m_PrefabInstance: {fileID: 369351564}
  m_PrefabAsset: {fileID: 0}
--- !u!1 &515579472
GameObject:
  m_ObjectHideFlags: 0
  m_CorrespondingSourceObject: {fileID: 0}
  m_PrefabInstance: {fileID: 0}
  m_PrefabAsset: {fileID: 0}
  serializedVersion: 6
  m_Component:
  - component: {fileID: 515579473}
  - component: {fileID: 515579475}
  - component: {fileID: 515579474}
  - component: {fileID: 515579476}
  m_Layer: 5
  m_Name: Text (TMP)
  m_TagString: Untagged
  m_Icon: {fileID: 0}
  m_NavMeshLayer: 0
  m_StaticEditorFlags: 0
  m_IsActive: 1
--- !u!224 &515579473
RectTransform:
  m_ObjectHideFlags: 0
  m_CorrespondingSourceObject: {fileID: 0}
  m_PrefabInstance: {fileID: 0}
  m_PrefabAsset: {fileID: 0}
  m_GameObject: {fileID: 515579472}
  m_LocalRotation: {x: 0, y: 0, z: 0, w: 1}
  m_LocalPosition: {x: 0, y: 0, z: 0}
  m_LocalScale: {x: 1, y: 1, z: 1}
  m_ConstrainProportionsScale: 0
  m_Children: []
  m_Father: {fileID: 1711979078}
  m_RootOrder: 0
  m_LocalEulerAnglesHint: {x: 0, y: 0, z: 0}
  m_AnchorMin: {x: 0, y: 0}
  m_AnchorMax: {x: 1, y: 1}
  m_AnchoredPosition: {x: 0.000030517578, y: 0}
  m_SizeDelta: {x: 0, y: 0}
  m_Pivot: {x: 0.5, y: 0.5}
--- !u!114 &515579474
MonoBehaviour:
  m_ObjectHideFlags: 0
  m_CorrespondingSourceObject: {fileID: 0}
  m_PrefabInstance: {fileID: 0}
  m_PrefabAsset: {fileID: 0}
  m_GameObject: {fileID: 515579472}
  m_Enabled: 1
  m_EditorHideFlags: 0
  m_Script: {fileID: 11500000, guid: f4688fdb7df04437aeb418b961361dc5, type: 3}
  m_Name: 
  m_EditorClassIdentifier: 
  m_Material: {fileID: 0}
  m_Color: {r: 1, g: 1, b: 1, a: 1}
  m_RaycastTarget: 1
  m_RaycastPadding: {x: 0, y: 0, z: 0, w: 0}
  m_Maskable: 1
  m_OnCullStateChanged:
    m_PersistentCalls:
      m_Calls: []
  m_text: Lag
  m_isRightToLeft: 0
  m_fontAsset: {fileID: 11400000, guid: 8f586378b4e144a9851e7b34d9b748ee, type: 2}
  m_sharedMaterial: {fileID: 2180264, guid: 8f586378b4e144a9851e7b34d9b748ee, type: 2}
  m_fontSharedMaterials: []
  m_fontMaterial: {fileID: 0}
  m_fontMaterials: []
  m_fontColor32:
    serializedVersion: 2
    rgba: 4294967295
  m_fontColor: {r: 1, g: 1, b: 1, a: 1}
  m_enableVertexGradient: 0
  m_colorMode: 3
  m_fontColorGradient:
    topLeft: {r: 1, g: 1, b: 1, a: 1}
    topRight: {r: 1, g: 1, b: 1, a: 1}
    bottomLeft: {r: 1, g: 1, b: 1, a: 1}
    bottomRight: {r: 1, g: 1, b: 1, a: 1}
  m_fontColorGradientPreset: {fileID: 0}
  m_spriteAsset: {fileID: 0}
  m_tintAllSprites: 0
  m_StyleSheet: {fileID: 0}
  m_TextStyleHashCode: -1183493901
  m_overrideHtmlColors: 0
  m_faceColor:
    serializedVersion: 2
    rgba: 4294967295
  m_fontSize: 72
  m_fontSizeBase: 36
  m_fontWeight: 400
  m_enableAutoSizing: 1
  m_fontSizeMin: 18
  m_fontSizeMax: 72
  m_fontStyle: 0
  m_HorizontalAlignment: 1
  m_VerticalAlignment: 256
  m_textAlignment: 65535
  m_characterSpacing: 0
  m_wordSpacing: 0
  m_lineSpacing: 0
  m_lineSpacingMax: 0
  m_paragraphSpacing: 0
  m_charWidthMaxAdj: 0
  m_enableWordWrapping: 1
  m_wordWrappingRatios: 0.4
  m_overflowMode: 0
  m_linkedTextComponent: {fileID: 0}
  parentLinkedComponent: {fileID: 0}
  m_enableKerning: 1
  m_enableExtraPadding: 0
  checkPaddingRequired: 0
  m_isRichText: 1
  m_parseCtrlCharacters: 1
  m_isOrthographic: 1
  m_isCullingEnabled: 0
  m_horizontalMapping: 0
  m_verticalMapping: 0
  m_uvLineOffset: 0
  m_geometrySortingOrder: 0
  m_IsTextObjectScaleStatic: 0
  m_VertexBufferAutoSizeReduction: 0
  m_useMaxVisibleDescender: 1
  m_pageToDisplay: 1
  m_margin: {x: 0, y: 0, z: 0, w: 0}
  m_isUsingLegacyAnimationComponent: 0
  m_isVolumetricText: 0
  m_hasFontAssetChanged: 0
  m_baseMaterial: {fileID: 0}
  m_maskOffset: {x: 0, y: 0, z: 0, w: 0}
--- !u!222 &515579475
CanvasRenderer:
  m_ObjectHideFlags: 0
  m_CorrespondingSourceObject: {fileID: 0}
  m_PrefabInstance: {fileID: 0}
  m_PrefabAsset: {fileID: 0}
  m_GameObject: {fileID: 515579472}
  m_CullTransparentMesh: 1
--- !u!114 &515579476
MonoBehaviour:
  m_ObjectHideFlags: 0
  m_CorrespondingSourceObject: {fileID: 0}
  m_PrefabInstance: {fileID: 0}
  m_PrefabAsset: {fileID: 0}
  m_GameObject: {fileID: 515579472}
  m_Enabled: 1
  m_EditorHideFlags: 0
  m_Script: {fileID: 11500000, guid: d19d76eadbccf01418327a7f58c65427, type: 3}
  m_Name: 
  m_EditorClassIdentifier: 
  text: {fileID: 0}
--- !u!1001 &630791286
PrefabInstance:
  m_ObjectHideFlags: 0
  serializedVersion: 2
  m_Modification:
    m_TransformParent: {fileID: 1061694890}
    m_Modifications:
    - target: {fileID: 100000, guid: c0c42e3ceebd42943ade3b7414c47afd, type: 3}
      propertyPath: m_Name
      value: rail (3)
      objectReference: {fileID: 0}
    - target: {fileID: 400000, guid: c0c42e3ceebd42943ade3b7414c47afd, type: 3}
      propertyPath: m_RootOrder
      value: 24
      objectReference: {fileID: 0}
    - target: {fileID: 400000, guid: c0c42e3ceebd42943ade3b7414c47afd, type: 3}
      propertyPath: m_LocalPosition.x
      value: 35.160004
      objectReference: {fileID: 0}
    - target: {fileID: 400000, guid: c0c42e3ceebd42943ade3b7414c47afd, type: 3}
      propertyPath: m_LocalPosition.y
      value: 0
      objectReference: {fileID: 0}
    - target: {fileID: 400000, guid: c0c42e3ceebd42943ade3b7414c47afd, type: 3}
      propertyPath: m_LocalPosition.z
      value: 4.2
      objectReference: {fileID: 0}
    - target: {fileID: 400000, guid: c0c42e3ceebd42943ade3b7414c47afd, type: 3}
      propertyPath: m_LocalRotation.w
      value: -0.00000016292068
      objectReference: {fileID: 0}
    - target: {fileID: 400000, guid: c0c42e3ceebd42943ade3b7414c47afd, type: 3}
      propertyPath: m_LocalRotation.x
      value: 0
      objectReference: {fileID: 0}
    - target: {fileID: 400000, guid: c0c42e3ceebd42943ade3b7414c47afd, type: 3}
      propertyPath: m_LocalRotation.y
      value: 1
      objectReference: {fileID: 0}
    - target: {fileID: 400000, guid: c0c42e3ceebd42943ade3b7414c47afd, type: 3}
      propertyPath: m_LocalRotation.z
      value: 0
      objectReference: {fileID: 0}
    - target: {fileID: 400000, guid: c0c42e3ceebd42943ade3b7414c47afd, type: 3}
      propertyPath: m_LocalEulerAnglesHint.y
      value: 180
      objectReference: {fileID: 0}
    m_RemovedComponents: []
  m_SourcePrefab: {fileID: 100100000, guid: c0c42e3ceebd42943ade3b7414c47afd, type: 3}
--- !u!4 &630791287 stripped
Transform:
  m_CorrespondingSourceObject: {fileID: 400000, guid: c0c42e3ceebd42943ade3b7414c47afd,
    type: 3}
  m_PrefabInstance: {fileID: 630791286}
  m_PrefabAsset: {fileID: 0}
--- !u!1001 &675703879
PrefabInstance:
  m_ObjectHideFlags: 0
  serializedVersion: 2
  m_Modification:
    m_TransformParent: {fileID: 1061694890}
    m_Modifications:
    - target: {fileID: 400000, guid: f34457aefb5bca94fa9fb35aa61fb3e7, type: 3}
      propertyPath: m_RootOrder
      value: 8
      objectReference: {fileID: 0}
    - target: {fileID: 400000, guid: f34457aefb5bca94fa9fb35aa61fb3e7, type: 3}
      propertyPath: m_LocalPosition.x
      value: 25
      objectReference: {fileID: 0}
    - target: {fileID: 400000, guid: f34457aefb5bca94fa9fb35aa61fb3e7, type: 3}
      propertyPath: m_LocalPosition.y
      value: 0
      objectReference: {fileID: 0}
    - target: {fileID: 400000, guid: f34457aefb5bca94fa9fb35aa61fb3e7, type: 3}
      propertyPath: m_LocalPosition.z
      value: 15
      objectReference: {fileID: 0}
    - target: {fileID: 400000, guid: f34457aefb5bca94fa9fb35aa61fb3e7, type: 3}
      propertyPath: m_LocalRotation.w
      value: 0.7071067
      objectReference: {fileID: 0}
    - target: {fileID: 400000, guid: f34457aefb5bca94fa9fb35aa61fb3e7, type: 3}
      propertyPath: m_LocalRotation.x
      value: 0
      objectReference: {fileID: 0}
    - target: {fileID: 400000, guid: f34457aefb5bca94fa9fb35aa61fb3e7, type: 3}
      propertyPath: m_LocalRotation.y
      value: 0.7071068
      objectReference: {fileID: 0}
    - target: {fileID: 400000, guid: f34457aefb5bca94fa9fb35aa61fb3e7, type: 3}
      propertyPath: m_LocalRotation.z
      value: 0
      objectReference: {fileID: 0}
    - target: {fileID: 400000, guid: f34457aefb5bca94fa9fb35aa61fb3e7, type: 3}
      propertyPath: m_LocalEulerAnglesHint.y
      value: 90
      objectReference: {fileID: 0}
    m_RemovedComponents: []
  m_SourcePrefab: {fileID: 100100000, guid: f34457aefb5bca94fa9fb35aa61fb3e7, type: 3}
--- !u!4 &675703880 stripped
Transform:
  m_CorrespondingSourceObject: {fileID: 400000, guid: f34457aefb5bca94fa9fb35aa61fb3e7,
    type: 3}
  m_PrefabInstance: {fileID: 675703879}
  m_PrefabAsset: {fileID: 0}
--- !u!1001 &697615474
PrefabInstance:
  m_ObjectHideFlags: 0
  serializedVersion: 2
  m_Modification:
    m_TransformParent: {fileID: 1061694890}
    m_Modifications:
    - target: {fileID: 100000, guid: ca7c80957e4a0044c8068142334ca1b3, type: 3}
      propertyPath: m_Name
      value: roadStraight (5)
      objectReference: {fileID: 0}
    - target: {fileID: 400000, guid: ca7c80957e4a0044c8068142334ca1b3, type: 3}
      propertyPath: m_RootOrder
      value: 15
      objectReference: {fileID: 0}
    - target: {fileID: 400000, guid: ca7c80957e4a0044c8068142334ca1b3, type: 3}
      propertyPath: m_LocalPosition.x
      value: 5
      objectReference: {fileID: 0}
    - target: {fileID: 400000, guid: ca7c80957e4a0044c8068142334ca1b3, type: 3}
      propertyPath: m_LocalPosition.y
      value: 0
      objectReference: {fileID: 0}
    - target: {fileID: 400000, guid: ca7c80957e4a0044c8068142334ca1b3, type: 3}
      propertyPath: m_LocalPosition.z
      value: 15
      objectReference: {fileID: 0}
    - target: {fileID: 400000, guid: ca7c80957e4a0044c8068142334ca1b3, type: 3}
      propertyPath: m_LocalRotation.w
      value: 0.7071076
      objectReference: {fileID: 0}
    - target: {fileID: 400000, guid: ca7c80957e4a0044c8068142334ca1b3, type: 3}
      propertyPath: m_LocalRotation.x
      value: 0
      objectReference: {fileID: 0}
    - target: {fileID: 400000, guid: ca7c80957e4a0044c8068142334ca1b3, type: 3}
      propertyPath: m_LocalRotation.y
      value: 0.707106
      objectReference: {fileID: 0}
    - target: {fileID: 400000, guid: ca7c80957e4a0044c8068142334ca1b3, type: 3}
      propertyPath: m_LocalRotation.z
      value: 0
      objectReference: {fileID: 0}
    - target: {fileID: 400000, guid: ca7c80957e4a0044c8068142334ca1b3, type: 3}
      propertyPath: m_LocalEulerAnglesHint.y
      value: 89.9999
      objectReference: {fileID: 0}
    m_RemovedComponents: []
  m_SourcePrefab: {fileID: 100100000, guid: ca7c80957e4a0044c8068142334ca1b3, type: 3}
--- !u!4 &697615475 stripped
Transform:
  m_CorrespondingSourceObject: {fileID: 400000, guid: ca7c80957e4a0044c8068142334ca1b3,
    type: 3}
  m_PrefabInstance: {fileID: 697615474}
  m_PrefabAsset: {fileID: 0}
--- !u!1 &781545904
GameObject:
  m_ObjectHideFlags: 0
  m_CorrespondingSourceObject: {fileID: 0}
  m_PrefabInstance: {fileID: 0}
  m_PrefabAsset: {fileID: 0}
  serializedVersion: 6
  m_Component:
  - component: {fileID: 781545906}
  - component: {fileID: 781545905}
  m_Layer: 0
  m_Name: EventSystem
  m_TagString: Untagged
  m_Icon: {fileID: 0}
  m_NavMeshLayer: 0
  m_StaticEditorFlags: 0
  m_IsActive: 1
--- !u!114 &781545905
MonoBehaviour:
  m_ObjectHideFlags: 0
  m_CorrespondingSourceObject: {fileID: 0}
  m_PrefabInstance: {fileID: 0}
  m_PrefabAsset: {fileID: 0}
  m_GameObject: {fileID: 781545904}
  m_Enabled: 1
  m_EditorHideFlags: 0
  m_Script: {fileID: 11500000, guid: 68187d3cf4c8746aaa64930f1a766a38, type: 3}
  m_Name: 
  m_EditorClassIdentifier: 
--- !u!4 &781545906
Transform:
  m_ObjectHideFlags: 0
  m_CorrespondingSourceObject: {fileID: 0}
  m_PrefabInstance: {fileID: 0}
  m_PrefabAsset: {fileID: 0}
  m_GameObject: {fileID: 781545904}
  m_LocalRotation: {x: 0, y: 0, z: 0, w: 1}
  m_LocalPosition: {x: 0, y: 0, z: 0}
  m_LocalScale: {x: 1, y: 1, z: 1}
  m_ConstrainProportionsScale: 0
  m_Children: []
  m_Father: {fileID: 0}
  m_RootOrder: 7
  m_LocalEulerAnglesHint: {x: 0, y: 0, z: 0}
--- !u!1001 &823021792
PrefabInstance:
  m_ObjectHideFlags: 0
  serializedVersion: 2
  m_Modification:
    m_TransformParent: {fileID: 1061694890}
    m_Modifications:
    - target: {fileID: 400000, guid: f3190f178f6804a438514c250f12db6a, type: 3}
      propertyPath: m_RootOrder
      value: 4
      objectReference: {fileID: 0}
    - target: {fileID: 400000, guid: f3190f178f6804a438514c250f12db6a, type: 3}
      propertyPath: m_LocalPosition.x
      value: -5
      objectReference: {fileID: 0}
    - target: {fileID: 400000, guid: f3190f178f6804a438514c250f12db6a, type: 3}
      propertyPath: m_LocalPosition.y
      value: 0
      objectReference: {fileID: 0}
    - target: {fileID: 400000, guid: f3190f178f6804a438514c250f12db6a, type: 3}
      propertyPath: m_LocalPosition.z
      value: 15
      objectReference: {fileID: 0}
    - target: {fileID: 400000, guid: f3190f178f6804a438514c250f12db6a, type: 3}
      propertyPath: m_LocalRotation.w
      value: 0.7071067
      objectReference: {fileID: 0}
    - target: {fileID: 400000, guid: f3190f178f6804a438514c250f12db6a, type: 3}
      propertyPath: m_LocalRotation.x
      value: 0
      objectReference: {fileID: 0}
    - target: {fileID: 400000, guid: f3190f178f6804a438514c250f12db6a, type: 3}
      propertyPath: m_LocalRotation.y
      value: 0.7071068
      objectReference: {fileID: 0}
    - target: {fileID: 400000, guid: f3190f178f6804a438514c250f12db6a, type: 3}
      propertyPath: m_LocalRotation.z
      value: 0
      objectReference: {fileID: 0}
    - target: {fileID: 400000, guid: f3190f178f6804a438514c250f12db6a, type: 3}
      propertyPath: m_LocalEulerAnglesHint.y
      value: 90
      objectReference: {fileID: 0}
    m_RemovedComponents: []
  m_SourcePrefab: {fileID: 100100000, guid: f3190f178f6804a438514c250f12db6a, type: 3}
--- !u!4 &823021793 stripped
Transform:
  m_CorrespondingSourceObject: {fileID: 400000, guid: f3190f178f6804a438514c250f12db6a,
    type: 3}
  m_PrefabInstance: {fileID: 823021792}
  m_PrefabAsset: {fileID: 0}
--- !u!1001 &833896285
PrefabInstance:
  m_ObjectHideFlags: 0
  serializedVersion: 2
  m_Modification:
    m_TransformParent: {fileID: 1061694890}
    m_Modifications:
    - target: {fileID: 100000, guid: ca7c80957e4a0044c8068142334ca1b3, type: 3}
      propertyPath: m_Name
      value: roadStraight (7)
      objectReference: {fileID: 0}
    - target: {fileID: 400000, guid: ca7c80957e4a0044c8068142334ca1b3, type: 3}
      propertyPath: m_RootOrder
      value: 20
      objectReference: {fileID: 0}
    - target: {fileID: 400000, guid: ca7c80957e4a0044c8068142334ca1b3, type: 3}
      propertyPath: m_LocalPosition.x
      value: -35
      objectReference: {fileID: 0}
    - target: {fileID: 400000, guid: ca7c80957e4a0044c8068142334ca1b3, type: 3}
      propertyPath: m_LocalPosition.y
      value: 0
      objectReference: {fileID: 0}
    - target: {fileID: 400000, guid: ca7c80957e4a0044c8068142334ca1b3, type: 3}
      propertyPath: m_LocalPosition.z
      value: -5
      objectReference: {fileID: 0}
    - target: {fileID: 400000, guid: ca7c80957e4a0044c8068142334ca1b3, type: 3}
      propertyPath: m_LocalRotation.w
      value: 1
      objectReference: {fileID: 0}
    - target: {fileID: 400000, guid: ca7c80957e4a0044c8068142334ca1b3, type: 3}
      propertyPath: m_LocalRotation.x
      value: 0
      objectReference: {fileID: 0}
    - target: {fileID: 400000, guid: ca7c80957e4a0044c8068142334ca1b3, type: 3}
      propertyPath: m_LocalRotation.y
      value: 0
      objectReference: {fileID: 0}
    - target: {fileID: 400000, guid: ca7c80957e4a0044c8068142334ca1b3, type: 3}
      propertyPath: m_LocalRotation.z
      value: 0
      objectReference: {fileID: 0}
    m_RemovedComponents: []
  m_SourcePrefab: {fileID: 100100000, guid: ca7c80957e4a0044c8068142334ca1b3, type: 3}
--- !u!4 &833896286 stripped
Transform:
  m_CorrespondingSourceObject: {fileID: 400000, guid: ca7c80957e4a0044c8068142334ca1b3,
    type: 3}
  m_PrefabInstance: {fileID: 833896285}
  m_PrefabAsset: {fileID: 0}
--- !u!1 &877292389
GameObject:
  m_ObjectHideFlags: 0
  m_CorrespondingSourceObject: {fileID: 0}
  m_PrefabInstance: {fileID: 0}
  m_PrefabAsset: {fileID: 0}
  serializedVersion: 6
  m_Component:
  - component: {fileID: 877292394}
  - component: {fileID: 877292393}
  - component: {fileID: 877292391}
  - component: {fileID: 877292390}
  - component: {fileID: 877292395}
  m_Layer: 0
  m_Name: Main Camera
  m_TagString: MainCamera
  m_Icon: {fileID: 0}
  m_NavMeshLayer: 0
  m_StaticEditorFlags: 0
  m_IsActive: 1
--- !u!81 &877292390
AudioListener:
  m_ObjectHideFlags: 0
  m_CorrespondingSourceObject: {fileID: 0}
  m_PrefabInstance: {fileID: 0}
  m_PrefabAsset: {fileID: 0}
  m_GameObject: {fileID: 877292389}
  m_Enabled: 1
--- !u!124 &877292391
Behaviour:
  m_ObjectHideFlags: 0
  m_CorrespondingSourceObject: {fileID: 0}
  m_PrefabInstance: {fileID: 0}
  m_PrefabAsset: {fileID: 0}
  m_GameObject: {fileID: 877292389}
  m_Enabled: 1
--- !u!20 &877292393
Camera:
  m_ObjectHideFlags: 0
  m_CorrespondingSourceObject: {fileID: 0}
  m_PrefabInstance: {fileID: 0}
  m_PrefabAsset: {fileID: 0}
  m_GameObject: {fileID: 877292389}
  m_Enabled: 1
  serializedVersion: 2
  m_ClearFlags: 2
  m_BackGroundColor: {r: 0.6392157, g: 0.94117653, b: 0.86274517, a: 0.019607844}
  m_projectionMatrixMode: 1
  m_GateFitMode: 2
  m_FOVAxisMode: 0
  m_SensorSize: {x: 36, y: 24}
  m_LensShift: {x: 0, y: 0}
  m_FocalLength: 50
  m_NormalizedViewPortRect:
    serializedVersion: 2
    x: 0
    y: 0
    width: 1
    height: 1
  near clip plane: 0.3
  far clip plane: 1000
  field of view: 60
  orthographic: 0
  orthographic size: 12.62
  m_Depth: -1
  m_CullingMask:
    serializedVersion: 2
    m_Bits: 4294967295
  m_RenderingPath: -1
  m_TargetTexture: {fileID: 0}
  m_TargetDisplay: 0
  m_TargetEye: 3
  m_HDR: 0
  m_AllowMSAA: 1
  m_AllowDynamicResolution: 0
  m_ForceIntoRT: 0
  m_OcclusionCulling: 1
  m_StereoConvergence: 10
  m_StereoSeparation: 0.022
--- !u!4 &877292394
Transform:
  m_ObjectHideFlags: 0
  m_CorrespondingSourceObject: {fileID: 0}
  m_PrefabInstance: {fileID: 0}
  m_PrefabAsset: {fileID: 0}
  m_GameObject: {fileID: 877292389}
  m_LocalRotation: {x: 0.2978875, y: 0.2753895, z: -0.09019278, w: 0.90955424}
  m_LocalPosition: {x: -27.8, y: 19.2, z: -24.84}
  m_LocalScale: {x: 1, y: 1, z: 1}
  m_ConstrainProportionsScale: 0
  m_Children: []
  m_Father: {fileID: 0}
  m_RootOrder: 0
  m_LocalEulerAnglesHint: {x: 36.2682, y: 33.6899, z: 0}
--- !u!114 &877292395
MonoBehaviour:
  m_ObjectHideFlags: 0
  m_CorrespondingSourceObject: {fileID: 0}
  m_PrefabInstance: {fileID: 0}
  m_PrefabAsset: {fileID: 0}
  m_GameObject: {fileID: 877292389}
  m_Enabled: 1
  m_EditorHideFlags: 0
  m_Script: {fileID: 11500000, guid: a79441f348de89743a2939f4d699eac1, type: 3}
  m_Name: 
  m_EditorClassIdentifier: 
  m_RenderShadows: 1
  m_RequiresDepthTextureOption: 2
  m_RequiresOpaqueTextureOption: 2
  m_CameraType: 0
  m_Cameras: []
  m_RendererIndex: -1
  m_VolumeLayerMask:
    serializedVersion: 2
    m_Bits: 1
  m_VolumeTrigger: {fileID: 0}
  m_VolumeFrameworkUpdateModeOption: 2
  m_RenderPostProcessing: 0
  m_Antialiasing: 0
  m_AntialiasingQuality: 2
  m_StopNaN: 0
  m_Dithering: 0
  m_ClearDepth: 1
  m_AllowXRRendering: 1
  m_RequiresDepthTexture: 0
  m_RequiresColorTexture: 0
  m_Version: 2
--- !u!1001 &923861771
PrefabInstance:
  m_ObjectHideFlags: 0
  serializedVersion: 2
  m_Modification:
    m_TransformParent: {fileID: 1061694890}
    m_Modifications:
    - target: {fileID: 100000, guid: c0c42e3ceebd42943ade3b7414c47afd, type: 3}
      propertyPath: m_Name
      value: rail (1)
      objectReference: {fileID: 0}
    - target: {fileID: 400000, guid: c0c42e3ceebd42943ade3b7414c47afd, type: 3}
      propertyPath: m_RootOrder
      value: 22
      objectReference: {fileID: 0}
    - target: {fileID: 400000, guid: c0c42e3ceebd42943ade3b7414c47afd, type: 3}
      propertyPath: m_LocalPosition.x
      value: -5.4000015
      objectReference: {fileID: 0}
    - target: {fileID: 400000, guid: c0c42e3ceebd42943ade3b7414c47afd, type: 3}
      propertyPath: m_LocalPosition.y
      value: 5
      objectReference: {fileID: 0}
    - target: {fileID: 400000, guid: c0c42e3ceebd42943ade3b7414c47afd, type: 3}
      propertyPath: m_LocalPosition.z
      value: 14.77
      objectReference: {fileID: 0}
    - target: {fileID: 400000, guid: c0c42e3ceebd42943ade3b7414c47afd, type: 3}
      propertyPath: m_LocalRotation.w
      value: 0.7071068
      objectReference: {fileID: 0}
    - target: {fileID: 400000, guid: c0c42e3ceebd42943ade3b7414c47afd, type: 3}
      propertyPath: m_LocalRotation.x
      value: 0
      objectReference: {fileID: 0}
    - target: {fileID: 400000, guid: c0c42e3ceebd42943ade3b7414c47afd, type: 3}
      propertyPath: m_LocalRotation.y
      value: 0.7071068
      objectReference: {fileID: 0}
    - target: {fileID: 400000, guid: c0c42e3ceebd42943ade3b7414c47afd, type: 3}
      propertyPath: m_LocalRotation.z
      value: 0
      objectReference: {fileID: 0}
    m_RemovedComponents: []
  m_SourcePrefab: {fileID: 100100000, guid: c0c42e3ceebd42943ade3b7414c47afd, type: 3}
--- !u!4 &923861772 stripped
Transform:
  m_CorrespondingSourceObject: {fileID: 400000, guid: c0c42e3ceebd42943ade3b7414c47afd,
    type: 3}
  m_PrefabInstance: {fileID: 923861771}
  m_PrefabAsset: {fileID: 0}
--- !u!1 &953002358
GameObject:
  m_ObjectHideFlags: 0
  m_CorrespondingSourceObject: {fileID: 0}
  m_PrefabInstance: {fileID: 0}
  m_PrefabAsset: {fileID: 0}
  serializedVersion: 6
  m_Component:
  - component: {fileID: 953002362}
  - component: {fileID: 953002361}
  - component: {fileID: 953002360}
  - component: {fileID: 953002359}
  m_Layer: 5
  m_Name: Canvas
  m_TagString: Untagged
  m_Icon: {fileID: 0}
  m_NavMeshLayer: 0
  m_StaticEditorFlags: 0
  m_IsActive: 1
--- !u!114 &953002359
MonoBehaviour:
  m_ObjectHideFlags: 0
  m_CorrespondingSourceObject: {fileID: 0}
  m_PrefabInstance: {fileID: 0}
  m_PrefabAsset: {fileID: 0}
  m_GameObject: {fileID: 953002358}
  m_Enabled: 1
  m_EditorHideFlags: 0
  m_Script: {fileID: 11500000, guid: dc42784cf147c0c48a680349fa168899, type: 3}
  m_Name: 
  m_EditorClassIdentifier: 
  m_IgnoreReversedGraphics: 1
  m_BlockingObjects: 0
  m_BlockingMask:
    serializedVersion: 2
    m_Bits: 4294967295
--- !u!114 &953002360
MonoBehaviour:
  m_ObjectHideFlags: 0
  m_CorrespondingSourceObject: {fileID: 0}
  m_PrefabInstance: {fileID: 0}
  m_PrefabAsset: {fileID: 0}
  m_GameObject: {fileID: 953002358}
  m_Enabled: 1
  m_EditorHideFlags: 0
  m_Script: {fileID: 11500000, guid: 0cd44c1031e13a943bb63640046fad76, type: 3}
  m_Name: 
  m_EditorClassIdentifier: 
  m_UiScaleMode: 0
  m_ReferencePixelsPerUnit: 100
  m_ScaleFactor: 1
  m_ReferenceResolution: {x: 800, y: 600}
  m_ScreenMatchMode: 0
  m_MatchWidthOrHeight: 0
  m_PhysicalUnit: 3
  m_FallbackScreenDPI: 96
  m_DefaultSpriteDPI: 96
  m_DynamicPixelsPerUnit: 1
  m_PresetInfoIsWorld: 0
--- !u!223 &953002361
Canvas:
  m_ObjectHideFlags: 0
  m_CorrespondingSourceObject: {fileID: 0}
  m_PrefabInstance: {fileID: 0}
  m_PrefabAsset: {fileID: 0}
  m_GameObject: {fileID: 953002358}
  m_Enabled: 1
  serializedVersion: 3
  m_RenderMode: 0
  m_Camera: {fileID: 0}
  m_PlaneDistance: 100
  m_PixelPerfect: 0
  m_ReceivesEvents: 1
  m_OverrideSorting: 0
  m_OverridePixelPerfect: 0
  m_SortingBucketNormalizedSize: 0
  m_AdditionalShaderChannelsFlag: 25
  m_SortingLayerID: 0
  m_SortingOrder: 0
  m_TargetDisplay: 0
--- !u!224 &953002362
RectTransform:
  m_ObjectHideFlags: 0
  m_CorrespondingSourceObject: {fileID: 0}
  m_PrefabInstance: {fileID: 0}
  m_PrefabAsset: {fileID: 0}
  m_GameObject: {fileID: 953002358}
  m_LocalRotation: {x: 0, y: 0, z: 0, w: 1}
  m_LocalPosition: {x: 0, y: 0, z: 0}
  m_LocalScale: {x: 0, y: 0, z: 0}
  m_ConstrainProportionsScale: 0
  m_Children:
  - {fileID: 1711979078}
  m_Father: {fileID: 0}
  m_RootOrder: 8
  m_LocalEulerAnglesHint: {x: 0, y: 0, z: 0}
  m_AnchorMin: {x: 0, y: 0}
  m_AnchorMax: {x: 0, y: 0}
  m_AnchoredPosition: {x: 0, y: 0}
  m_SizeDelta: {x: 0, y: 0}
  m_Pivot: {x: 0, y: 0}
--- !u!1001 &966329750
PrefabInstance:
  m_ObjectHideFlags: 0
  serializedVersion: 2
  m_Modification:
    m_TransformParent: {fileID: 1061694890}
    m_Modifications:
    - target: {fileID: 400000, guid: 4a85baa15824c004e9265ae93708faf9, type: 3}
      propertyPath: m_RootOrder
      value: 9
      objectReference: {fileID: 0}
    - target: {fileID: 400000, guid: 4a85baa15824c004e9265ae93708faf9, type: 3}
      propertyPath: m_LocalPosition.x
      value: -5
      objectReference: {fileID: 0}
    - target: {fileID: 400000, guid: 4a85baa15824c004e9265ae93708faf9, type: 3}
      propertyPath: m_LocalPosition.y
      value: 0
      objectReference: {fileID: 0}
    - target: {fileID: 400000, guid: 4a85baa15824c004e9265ae93708faf9, type: 3}
      propertyPath: m_LocalPosition.z
      value: -3.7
      objectReference: {fileID: 0}
    - target: {fileID: 400000, guid: 4a85baa15824c004e9265ae93708faf9, type: 3}
      propertyPath: m_LocalRotation.w
      value: 0.7071067
      objectReference: {fileID: 0}
    - target: {fileID: 400000, guid: 4a85baa15824c004e9265ae93708faf9, type: 3}
      propertyPath: m_LocalRotation.x
      value: 0
      objectReference: {fileID: 0}
    - target: {fileID: 400000, guid: 4a85baa15824c004e9265ae93708faf9, type: 3}
      propertyPath: m_LocalRotation.y
      value: 0.7071068
      objectReference: {fileID: 0}
    - target: {fileID: 400000, guid: 4a85baa15824c004e9265ae93708faf9, type: 3}
      propertyPath: m_LocalRotation.z
      value: 0
      objectReference: {fileID: 0}
    - target: {fileID: 400000, guid: 4a85baa15824c004e9265ae93708faf9, type: 3}
      propertyPath: m_LocalEulerAnglesHint.y
      value: 90
      objectReference: {fileID: 0}
    m_RemovedComponents: []
  m_SourcePrefab: {fileID: 100100000, guid: 4a85baa15824c004e9265ae93708faf9, type: 3}
--- !u!4 &966329751 stripped
Transform:
  m_CorrespondingSourceObject: {fileID: 400000, guid: 4a85baa15824c004e9265ae93708faf9,
    type: 3}
  m_PrefabInstance: {fileID: 966329750}
  m_PrefabAsset: {fileID: 0}
--- !u!1 &1061694889
GameObject:
  m_ObjectHideFlags: 0
  m_CorrespondingSourceObject: {fileID: 0}
  m_PrefabInstance: {fileID: 0}
  m_PrefabAsset: {fileID: 0}
  serializedVersion: 6
  m_Component:
  - component: {fileID: 1061694890}
  m_Layer: 0
  m_Name: Environment
  m_TagString: Untagged
  m_Icon: {fileID: 0}
  m_NavMeshLayer: 0
  m_StaticEditorFlags: 0
  m_IsActive: 1
--- !u!4 &1061694890
Transform:
  m_ObjectHideFlags: 0
  m_CorrespondingSourceObject: {fileID: 0}
  m_PrefabInstance: {fileID: 0}
  m_PrefabAsset: {fileID: 0}
  m_GameObject: {fileID: 1061694889}
  m_LocalRotation: {x: 0, y: 0, z: 0, w: 1}
  m_LocalPosition: {x: 0, y: 0, z: 0}
  m_LocalScale: {x: 1, y: 1, z: 1}
  m_ConstrainProportionsScale: 0
  m_Children:
  - {fileID: 1921587568}
  - {fileID: 1067624978}
  - {fileID: 222079328}
  - {fileID: 140224717}
  - {fileID: 823021793}
  - {fileID: 369351565}
  - {fileID: 1741150040}
  - {fileID: 1421674095}
  - {fileID: 675703880}
  - {fileID: 966329751}
  - {fileID: 1893233213}
  - {fileID: 1904320714}
  - {fileID: 2145081061}
  - {fileID: 364374633}
  - {fileID: 697615475}
  - {fileID: 1872510689}
  - {fileID: 2135074947}
  - {fileID: 1656472717}
  - {fileID: 1090578889}
  - {fileID: 833896286}
  - {fileID: 2107747512}
  - {fileID: 923861772}
  - {fileID: 132331812}
  - {fileID: 630791287}
  - {fileID: 2066099102}
  m_Father: {fileID: 0}
  m_RootOrder: 3
  m_LocalEulerAnglesHint: {x: 0, y: 0, z: 0}
--- !u!1001 &1067624977
PrefabInstance:
  m_ObjectHideFlags: 0
  serializedVersion: 2
  m_Modification:
    m_TransformParent: {fileID: 1061694890}
    m_Modifications:
    - target: {fileID: 400008, guid: 45e438e80c2860545b63beb8d6718edd, type: 3}
      propertyPath: m_RootOrder
      value: 1
      objectReference: {fileID: 0}
    - target: {fileID: 400008, guid: 45e438e80c2860545b63beb8d6718edd, type: 3}
      propertyPath: m_LocalScale.x
      value: 0.3
      objectReference: {fileID: 0}
    - target: {fileID: 400008, guid: 45e438e80c2860545b63beb8d6718edd, type: 3}
      propertyPath: m_LocalScale.y
      value: 0.3
      objectReference: {fileID: 0}
    - target: {fileID: 400008, guid: 45e438e80c2860545b63beb8d6718edd, type: 3}
      propertyPath: m_LocalScale.z
      value: 0.3
      objectReference: {fileID: 0}
    - target: {fileID: 400008, guid: 45e438e80c2860545b63beb8d6718edd, type: 3}
      propertyPath: m_LocalPosition.x
      value: -17.79
      objectReference: {fileID: 0}
    - target: {fileID: 400008, guid: 45e438e80c2860545b63beb8d6718edd, type: 3}
      propertyPath: m_LocalPosition.y
      value: 2.38
      objectReference: {fileID: 0}
    - target: {fileID: 400008, guid: 45e438e80c2860545b63beb8d6718edd, type: 3}
      propertyPath: m_LocalPosition.z
      value: -0.96000004
      objectReference: {fileID: 0}
    - target: {fileID: 400008, guid: 45e438e80c2860545b63beb8d6718edd, type: 3}
      propertyPath: m_LocalRotation.w
      value: 0.7071068
      objectReference: {fileID: 0}
    - target: {fileID: 400008, guid: 45e438e80c2860545b63beb8d6718edd, type: 3}
      propertyPath: m_LocalRotation.x
      value: -0.7071068
      objectReference: {fileID: 0}
    - target: {fileID: 400008, guid: 45e438e80c2860545b63beb8d6718edd, type: 3}
      propertyPath: m_LocalRotation.y
      value: 0
      objectReference: {fileID: 0}
    - target: {fileID: 400008, guid: 45e438e80c2860545b63beb8d6718edd, type: 3}
      propertyPath: m_LocalRotation.z
      value: 0
      objectReference: {fileID: 0}
    m_RemovedComponents: []
  m_SourcePrefab: {fileID: 100100000, guid: 45e438e80c2860545b63beb8d6718edd, type: 3}
--- !u!4 &1067624978 stripped
Transform:
  m_CorrespondingSourceObject: {fileID: 400008, guid: 45e438e80c2860545b63beb8d6718edd,
    type: 3}
  m_PrefabInstance: {fileID: 1067624977}
  m_PrefabAsset: {fileID: 0}
--- !u!1001 &1090578888
PrefabInstance:
  m_ObjectHideFlags: 0
  serializedVersion: 2
  m_Modification:
    m_TransformParent: {fileID: 1061694890}
    m_Modifications:
    - target: {fileID: 100000, guid: d873a0d61ff3aa941be0eb85cb9271ef, type: 3}
      propertyPath: m_Name
      value: roadCornerSmall (3)
      objectReference: {fileID: 0}
    - target: {fileID: 400000, guid: d873a0d61ff3aa941be0eb85cb9271ef, type: 3}
      propertyPath: m_RootOrder
      value: 19
      objectReference: {fileID: 0}
    - target: {fileID: 400000, guid: d873a0d61ff3aa941be0eb85cb9271ef, type: 3}
      propertyPath: m_LocalPosition.x
      value: 35
      objectReference: {fileID: 0}
    - target: {fileID: 400000, guid: d873a0d61ff3aa941be0eb85cb9271ef, type: 3}
      propertyPath: m_LocalPosition.y
      value: 0
      objectReference: {fileID: 0}
    - target: {fileID: 400000, guid: d873a0d61ff3aa941be0eb85cb9271ef, type: 3}
      propertyPath: m_LocalPosition.z
      value: -5
      objectReference: {fileID: 0}
    - target: {fileID: 400000, guid: d873a0d61ff3aa941be0eb85cb9271ef, type: 3}
      propertyPath: m_LocalRotation.w
      value: -0.00000016292068
      objectReference: {fileID: 0}
    - target: {fileID: 400000, guid: d873a0d61ff3aa941be0eb85cb9271ef, type: 3}
      propertyPath: m_LocalRotation.x
      value: 0
      objectReference: {fileID: 0}
    - target: {fileID: 400000, guid: d873a0d61ff3aa941be0eb85cb9271ef, type: 3}
      propertyPath: m_LocalRotation.y
      value: 1
      objectReference: {fileID: 0}
    - target: {fileID: 400000, guid: d873a0d61ff3aa941be0eb85cb9271ef, type: 3}
      propertyPath: m_LocalRotation.z
      value: 0
      objectReference: {fileID: 0}
    - target: {fileID: 400000, guid: d873a0d61ff3aa941be0eb85cb9271ef, type: 3}
      propertyPath: m_LocalEulerAnglesHint.y
      value: 180
      objectReference: {fileID: 0}
    m_RemovedComponents: []
  m_SourcePrefab: {fileID: 100100000, guid: d873a0d61ff3aa941be0eb85cb9271ef, type: 3}
--- !u!4 &1090578889 stripped
Transform:
  m_CorrespondingSourceObject: {fileID: 400000, guid: d873a0d61ff3aa941be0eb85cb9271ef,
    type: 3}
  m_PrefabInstance: {fileID: 1090578888}
  m_PrefabAsset: {fileID: 0}
--- !u!1 &1201076396
GameObject:
  m_ObjectHideFlags: 0
  m_CorrespondingSourceObject: {fileID: 0}
  m_PrefabInstance: {fileID: 0}
  m_PrefabAsset: {fileID: 0}
  serializedVersion: 6
  m_Component:
  - component: {fileID: 1201076398}
  m_Layer: 0
  m_Name: Grid Position 4
  m_TagString: Untagged
  m_Icon: {fileID: 0}
  m_NavMeshLayer: 0
  m_StaticEditorFlags: 0
  m_IsActive: 1
--- !u!4 &1201076398
Transform:
  m_ObjectHideFlags: 0
  m_CorrespondingSourceObject: {fileID: 0}
  m_PrefabInstance: {fileID: 0}
  m_PrefabAsset: {fileID: 0}
  m_GameObject: {fileID: 1201076396}
  m_LocalRotation: {x: 0, y: 0.7071068, z: 0, w: 0.7071068}
  m_LocalPosition: {x: -22.547714, y: 1, z: -8.316792}
  m_LocalScale: {x: 1, y: 1, z: 1}
  m_ConstrainProportionsScale: 0
  m_Children: []
  m_Father: {fileID: 338861663}
  m_RootOrder: 3
  m_LocalEulerAnglesHint: {x: 0, y: 90, z: 0}
--- !u!1 &1259501714
GameObject:
  m_ObjectHideFlags: 0
  m_CorrespondingSourceObject: {fileID: 0}
  m_PrefabInstance: {fileID: 0}
  m_PrefabAsset: {fileID: 0}
  serializedVersion: 6
  m_Component:
  - component: {fileID: 1259501717}
  - component: {fileID: 1259501718}
  - component: {fileID: 1259501719}
  m_Layer: 0
  m_Name: Photon Manager
  m_TagString: Untagged
  m_Icon: {fileID: 0}
  m_NavMeshLayer: 0
  m_StaticEditorFlags: 0
  m_IsActive: 1
--- !u!4 &1259501717
Transform:
  m_ObjectHideFlags: 0
  m_CorrespondingSourceObject: {fileID: 0}
  m_PrefabInstance: {fileID: 0}
  m_PrefabAsset: {fileID: 0}
  m_GameObject: {fileID: 1259501714}
  m_LocalRotation: {x: 0, y: 0, z: 0, w: 1}
  m_LocalPosition: {x: 0, y: 0, z: 0}
  m_LocalScale: {x: 1, y: 1, z: 1}
  m_ConstrainProportionsScale: 0
  m_Children: []
  m_Father: {fileID: 0}
  m_RootOrder: 6
  m_LocalEulerAnglesHint: {x: 0, y: 0, z: 0}
--- !u!114 &1259501718
MonoBehaviour:
  m_ObjectHideFlags: 0
  m_CorrespondingSourceObject: {fileID: 0}
  m_PrefabInstance: {fileID: 0}
  m_PrefabAsset: {fileID: 0}
  m_GameObject: {fileID: 1259501714}
  m_Enabled: 1
  m_EditorHideFlags: 0
  m_Script: {fileID: 11500000, guid: 5c1b84a427010e0469ce0df07ab64dbc, type: 3}
  m_Name: 
  m_EditorClassIdentifier: 
  AutoConnect: 1
  Version: 1
  MaxPlayers: 4
  playerTTL: -1
--- !u!114 &1259501719
MonoBehaviour:
  m_ObjectHideFlags: 0
  m_CorrespondingSourceObject: {fileID: 0}
  m_PrefabInstance: {fileID: 0}
  m_PrefabAsset: {fileID: 0}
  m_GameObject: {fileID: 1259501714}
  m_Enabled: 1
  m_EditorHideFlags: 0
  m_Script: {fileID: 11500000, guid: b560d26db5eaa5348b85c55a856feb56, type: 3}
  m_Name: 
  m_EditorClassIdentifier: 
  mainCamera: {fileID: 877292389}
  carPrefab: {fileID: 108177055302043536, guid: 33780b3986aec44478d6844fed28f5ca,
    type: 3}
  index: 0
--- !u!1 &1416075654
GameObject:
  m_ObjectHideFlags: 0
  m_CorrespondingSourceObject: {fileID: 0}
  m_PrefabInstance: {fileID: 0}
  m_PrefabAsset: {fileID: 0}
  serializedVersion: 6
  m_Component:
  - component: {fileID: 1416075656}
  m_Layer: 0
  m_Name: Grid Position 3
  m_TagString: Untagged
  m_Icon: {fileID: 0}
  m_NavMeshLayer: 0
  m_StaticEditorFlags: 0
  m_IsActive: 1
--- !u!4 &1416075656
Transform:
  m_ObjectHideFlags: 0
  m_CorrespondingSourceObject: {fileID: 0}
  m_PrefabInstance: {fileID: 0}
  m_PrefabAsset: {fileID: 0}
  m_GameObject: {fileID: 1416075654}
  m_LocalRotation: {x: 0, y: 0.7071068, z: 0, w: 0.7071068}
  m_LocalPosition: {x: -17.766527, y: 1, z: -11.7301445}
  m_LocalScale: {x: 1, y: 1, z: 1}
  m_ConstrainProportionsScale: 0
  m_Children: []
  m_Father: {fileID: 338861663}
  m_RootOrder: 2
  m_LocalEulerAnglesHint: {x: 0, y: 90, z: 0}
--- !u!1001 &1421674094
PrefabInstance:
  m_ObjectHideFlags: 0
  serializedVersion: 2
  m_Modification:
    m_TransformParent: {fileID: 1061694890}
    m_Modifications:
    - target: {fileID: 400000, guid: 002276cc119770f4c8b9797abd47f7e5, type: 3}
      propertyPath: m_RootOrder
      value: 7
      objectReference: {fileID: 0}
    - target: {fileID: 400000, guid: 002276cc119770f4c8b9797abd47f7e5, type: 3}
      propertyPath: m_LocalPosition.x
      value: 25
      objectReference: {fileID: 0}
    - target: {fileID: 400000, guid: 002276cc119770f4c8b9797abd47f7e5, type: 3}
      propertyPath: m_LocalPosition.y
      value: 0
      objectReference: {fileID: 0}
    - target: {fileID: 400000, guid: 002276cc119770f4c8b9797abd47f7e5, type: 3}
      propertyPath: m_LocalPosition.z
      value: 5
      objectReference: {fileID: 0}
    - target: {fileID: 400000, guid: 002276cc119770f4c8b9797abd47f7e5, type: 3}
      propertyPath: m_LocalRotation.w
      value: 0.7071067
      objectReference: {fileID: 0}
    - target: {fileID: 400000, guid: 002276cc119770f4c8b9797abd47f7e5, type: 3}
      propertyPath: m_LocalRotation.x
      value: 0
      objectReference: {fileID: 0}
    - target: {fileID: 400000, guid: 002276cc119770f4c8b9797abd47f7e5, type: 3}
      propertyPath: m_LocalRotation.y
      value: -0.7071068
      objectReference: {fileID: 0}
    - target: {fileID: 400000, guid: 002276cc119770f4c8b9797abd47f7e5, type: 3}
      propertyPath: m_LocalRotation.z
      value: 0
      objectReference: {fileID: 0}
    - target: {fileID: 400000, guid: 002276cc119770f4c8b9797abd47f7e5, type: 3}
      propertyPath: m_LocalEulerAnglesHint.y
      value: -90
      objectReference: {fileID: 0}
    m_RemovedComponents: []
  m_SourcePrefab: {fileID: 100100000, guid: 002276cc119770f4c8b9797abd47f7e5, type: 3}
--- !u!4 &1421674095 stripped
Transform:
  m_CorrespondingSourceObject: {fileID: 400000, guid: 002276cc119770f4c8b9797abd47f7e5,
    type: 3}
  m_PrefabInstance: {fileID: 1421674094}
  m_PrefabAsset: {fileID: 0}
--- !u!1 &1447304817
GameObject:
  m_ObjectHideFlags: 0
  m_CorrespondingSourceObject: {fileID: 0}
  m_PrefabInstance: {fileID: 0}
  m_PrefabAsset: {fileID: 0}
  serializedVersion: 6
  m_Component:
  - component: {fileID: 1447304819}
  - component: {fileID: 1447304818}
  - component: {fileID: 1447304820}
  m_Layer: 0
  m_Name: Directional Light
  m_TagString: Untagged
  m_Icon: {fileID: 0}
  m_NavMeshLayer: 0
  m_StaticEditorFlags: 0
  m_IsActive: 1
--- !u!108 &1447304818
Light:
  m_ObjectHideFlags: 0
  m_CorrespondingSourceObject: {fileID: 0}
  m_PrefabInstance: {fileID: 0}
  m_PrefabAsset: {fileID: 0}
  m_GameObject: {fileID: 1447304817}
  m_Enabled: 1
  serializedVersion: 10
  m_Type: 1
  m_Shape: 0
  m_Color: {r: 1, g: 0.95686275, b: 0.8392157, a: 1}
  m_Intensity: 1
  m_Range: 10
  m_SpotAngle: 30
  m_InnerSpotAngle: 21.80208
  m_CookieSize: 10
  m_Shadows:
    m_Type: 2
    m_Resolution: -1
    m_CustomResolution: -1
    m_Strength: 1
    m_Bias: 0.05
    m_NormalBias: 0.4
    m_NearPlane: 0.2
    m_CullingMatrixOverride:
      e00: 1
      e01: 0
      e02: 0
      e03: 0
      e10: 0
      e11: 1
      e12: 0
      e13: 0
      e20: 0
      e21: 0
      e22: 1
      e23: 0
      e30: 0
      e31: 0
      e32: 0
      e33: 1
    m_UseCullingMatrixOverride: 0
  m_Cookie: {fileID: 0}
  m_DrawHalo: 0
  m_Flare: {fileID: 0}
  m_RenderMode: 0
  m_CullingMask:
    serializedVersion: 2
    m_Bits: 4294967295
  m_RenderingLayerMask: 1
  m_Lightmapping: 4
  m_LightShadowCasterMode: 0
  m_AreaSize: {x: 1, y: 1}
  m_BounceIntensity: 1
  m_ColorTemperature: 6570
  m_UseColorTemperature: 0
  m_BoundingSphereOverride: {x: 0, y: 0, z: 0, w: 0}
  m_UseBoundingSphereOverride: 0
  m_UseViewFrustumForShadowCasterCull: 1
  m_ShadowRadius: 0
  m_ShadowAngle: 0
--- !u!4 &1447304819
Transform:
  m_ObjectHideFlags: 0
  m_CorrespondingSourceObject: {fileID: 0}
  m_PrefabInstance: {fileID: 0}
  m_PrefabAsset: {fileID: 0}
  m_GameObject: {fileID: 1447304817}
  m_LocalRotation: {x: 0.40821794, y: -0.23456973, z: 0.109381676, w: 0.87542605}
  m_LocalPosition: {x: 0, y: 25.3, z: 0}
  m_LocalScale: {x: 1, y: 1, z: 1}
  m_ConstrainProportionsScale: 0
  m_Children: []
  m_Father: {fileID: 0}
  m_RootOrder: 1
  m_LocalEulerAnglesHint: {x: 50, y: -30, z: 0}
--- !u!114 &1447304820
MonoBehaviour:
  m_ObjectHideFlags: 0
  m_CorrespondingSourceObject: {fileID: 0}
  m_PrefabInstance: {fileID: 0}
  m_PrefabAsset: {fileID: 0}
  m_GameObject: {fileID: 1447304817}
  m_Enabled: 1
  m_EditorHideFlags: 0
  m_Script: {fileID: 11500000, guid: 474bcb49853aa07438625e644c072ee6, type: 3}
  m_Name: 
  m_EditorClassIdentifier: 
  m_Version: 1
  m_UsePipelineSettings: 1
  m_AdditionalLightsShadowResolutionTier: 2
  m_LightLayerMask: 1
  m_CustomShadowLayers: 0
  m_ShadowLayerMask: 1
  m_LightCookieSize: {x: 1, y: 1}
  m_LightCookieOffset: {x: 0, y: 0}
--- !u!1 &1490470848
GameObject:
  m_ObjectHideFlags: 0
  m_CorrespondingSourceObject: {fileID: 0}
  m_PrefabInstance: {fileID: 0}
  m_PrefabAsset: {fileID: 0}
  serializedVersion: 6
  m_Component:
  - component: {fileID: 1490470849}
  - component: {fileID: 1490470850}
  m_Layer: 0
  m_Name: Photon Player Numbering
  m_TagString: Untagged
  m_Icon: {fileID: 0}
  m_NavMeshLayer: 0
  m_StaticEditorFlags: 0
  m_IsActive: 1
--- !u!4 &1490470849
Transform:
  m_ObjectHideFlags: 0
  m_CorrespondingSourceObject: {fileID: 0}
  m_PrefabInstance: {fileID: 0}
  m_PrefabAsset: {fileID: 0}
  m_GameObject: {fileID: 1490470848}
  m_LocalRotation: {x: 0, y: 0, z: 0, w: 1}
  m_LocalPosition: {x: 0, y: 0, z: 0}
  m_LocalScale: {x: 1, y: 1, z: 1}
  m_ConstrainProportionsScale: 0
  m_Children: []
  m_Father: {fileID: 0}
  m_RootOrder: 5
  m_LocalEulerAnglesHint: {x: 0, y: 0, z: 0}
--- !u!114 &1490470850
MonoBehaviour:
  m_ObjectHideFlags: 0
  m_CorrespondingSourceObject: {fileID: 0}
  m_PrefabInstance: {fileID: 0}
  m_PrefabAsset: {fileID: 0}
  m_GameObject: {fileID: 1490470848}
  m_Enabled: 1
  m_EditorHideFlags: 0
  m_Script: {fileID: 11500000, guid: b28dd60f6abf16d4094cf0f642a043e2, type: 3}
  m_Name: 
  m_EditorClassIdentifier: 
  dontDestroyOnLoad: 1
--- !u!1 &1608010006
GameObject:
  m_ObjectHideFlags: 0
  m_CorrespondingSourceObject: {fileID: 0}
  m_PrefabInstance: {fileID: 0}
  m_PrefabAsset: {fileID: 0}
  serializedVersion: 6
  m_Component:
  - component: {fileID: 1608010008}
  m_Layer: 0
  m_Name: Grid Position 1
  m_TagString: Untagged
  m_Icon: {fileID: 0}
  m_NavMeshLayer: 0
  m_StaticEditorFlags: 0
  m_IsActive: 1
--- !u!4 &1608010008
Transform:
  m_ObjectHideFlags: 0
  m_CorrespondingSourceObject: {fileID: 0}
  m_PrefabInstance: {fileID: 0}
  m_PrefabAsset: {fileID: 0}
  m_GameObject: {fileID: 1608010006}
  m_LocalRotation: {x: 0, y: 0.7071068, z: 0, w: 0.7071068}
  m_LocalPosition: {x: -8.0449, y: 1, z: -11.704056}
  m_LocalScale: {x: 1, y: 1, z: 1}
  m_ConstrainProportionsScale: 0
  m_Children: []
  m_Father: {fileID: 338861663}
  m_RootOrder: 0
  m_LocalEulerAnglesHint: {x: 0, y: 90, z: 0}
--- !u!1001 &1656472716
PrefabInstance:
  m_ObjectHideFlags: 0
  serializedVersion: 2
  m_Modification:
    m_TransformParent: {fileID: 1061694890}
    m_Modifications:
    - target: {fileID: 100000, guid: d873a0d61ff3aa941be0eb85cb9271ef, type: 3}
      propertyPath: m_Name
      value: roadCornerSmall (2)
      objectReference: {fileID: 0}
    - target: {fileID: 400000, guid: d873a0d61ff3aa941be0eb85cb9271ef, type: 3}
      propertyPath: m_RootOrder
      value: 18
      objectReference: {fileID: 0}
    - target: {fileID: 400000, guid: d873a0d61ff3aa941be0eb85cb9271ef, type: 3}
      propertyPath: m_LocalPosition.x
      value: -25
      objectReference: {fileID: 0}
    - target: {fileID: 400000, guid: d873a0d61ff3aa941be0eb85cb9271ef, type: 3}
      propertyPath: m_LocalPosition.y
      value: 0
      objectReference: {fileID: 0}
    - target: {fileID: 400000, guid: d873a0d61ff3aa941be0eb85cb9271ef, type: 3}
      propertyPath: m_LocalPosition.z
      value: -15
      objectReference: {fileID: 0}
    - target: {fileID: 400000, guid: d873a0d61ff3aa941be0eb85cb9271ef, type: 3}
      propertyPath: m_LocalRotation.w
      value: 0.7071067
      objectReference: {fileID: 0}
    - target: {fileID: 400000, guid: d873a0d61ff3aa941be0eb85cb9271ef, type: 3}
      propertyPath: m_LocalRotation.x
      value: 0
      objectReference: {fileID: 0}
    - target: {fileID: 400000, guid: d873a0d61ff3aa941be0eb85cb9271ef, type: 3}
      propertyPath: m_LocalRotation.y
      value: -0.7071068
      objectReference: {fileID: 0}
    - target: {fileID: 400000, guid: d873a0d61ff3aa941be0eb85cb9271ef, type: 3}
      propertyPath: m_LocalRotation.z
      value: 0
      objectReference: {fileID: 0}
    - target: {fileID: 400000, guid: d873a0d61ff3aa941be0eb85cb9271ef, type: 3}
      propertyPath: m_LocalEulerAnglesHint.y
      value: -90
      objectReference: {fileID: 0}
    m_RemovedComponents: []
  m_SourcePrefab: {fileID: 100100000, guid: d873a0d61ff3aa941be0eb85cb9271ef, type: 3}
--- !u!4 &1656472717 stripped
Transform:
  m_CorrespondingSourceObject: {fileID: 400000, guid: d873a0d61ff3aa941be0eb85cb9271ef,
    type: 3}
  m_PrefabInstance: {fileID: 1656472716}
  m_PrefabAsset: {fileID: 0}
--- !u!1 &1711979077
GameObject:
  m_ObjectHideFlags: 0
  m_CorrespondingSourceObject: {fileID: 0}
  m_PrefabInstance: {fileID: 0}
  m_PrefabAsset: {fileID: 0}
  serializedVersion: 6
  m_Component:
  - component: {fileID: 1711979078}
  - component: {fileID: 1711979080}
  - component: {fileID: 1711979079}
  m_Layer: 5
  m_Name: Panel
  m_TagString: Untagged
  m_Icon: {fileID: 0}
  m_NavMeshLayer: 0
  m_StaticEditorFlags: 0
  m_IsActive: 1
--- !u!224 &1711979078
RectTransform:
  m_ObjectHideFlags: 0
  m_CorrespondingSourceObject: {fileID: 0}
  m_PrefabInstance: {fileID: 0}
  m_PrefabAsset: {fileID: 0}
  m_GameObject: {fileID: 1711979077}
  m_LocalRotation: {x: 0, y: 0, z: 0, w: 1}
  m_LocalPosition: {x: 0, y: 0, z: 0}
  m_LocalScale: {x: 1, y: 1, z: 1}
  m_ConstrainProportionsScale: 0
  m_Children:
  - {fileID: 515579473}
  m_Father: {fileID: 953002362}
  m_RootOrder: 0
  m_LocalEulerAnglesHint: {x: 0, y: 0, z: 0}
  m_AnchorMin: {x: 0.8, y: 0.8}
  m_AnchorMax: {x: 1, y: 1}
  m_AnchoredPosition: {x: 0, y: 0}
  m_SizeDelta: {x: 0, y: 0}
  m_Pivot: {x: 0.5, y: 0.5}
--- !u!114 &1711979079
MonoBehaviour:
  m_ObjectHideFlags: 0
  m_CorrespondingSourceObject: {fileID: 0}
  m_PrefabInstance: {fileID: 0}
  m_PrefabAsset: {fileID: 0}
  m_GameObject: {fileID: 1711979077}
  m_Enabled: 1
  m_EditorHideFlags: 0
  m_Script: {fileID: 11500000, guid: fe87c0e1cc204ed48ad3b37840f39efc, type: 3}
  m_Name: 
  m_EditorClassIdentifier: 
  m_Material: {fileID: 0}
  m_Color: {r: 1, g: 1, b: 1, a: 0.392}
  m_RaycastTarget: 1
  m_RaycastPadding: {x: 0, y: 0, z: 0, w: 0}
  m_Maskable: 1
  m_OnCullStateChanged:
    m_PersistentCalls:
      m_Calls: []
  m_Sprite: {fileID: 10907, guid: 0000000000000000f000000000000000, type: 0}
  m_Type: 1
  m_PreserveAspect: 0
  m_FillCenter: 1
  m_FillMethod: 4
  m_FillAmount: 1
  m_FillClockwise: 1
  m_FillOrigin: 0
  m_UseSpriteMesh: 0
  m_PixelsPerUnitMultiplier: 1
--- !u!222 &1711979080
CanvasRenderer:
  m_ObjectHideFlags: 0
  m_CorrespondingSourceObject: {fileID: 0}
  m_PrefabInstance: {fileID: 0}
  m_PrefabAsset: {fileID: 0}
  m_GameObject: {fileID: 1711979077}
  m_CullTransparentMesh: 1
--- !u!1001 &1741150039
PrefabInstance:
  m_ObjectHideFlags: 0
  serializedVersion: 2
  m_Modification:
    m_TransformParent: {fileID: 1061694890}
    m_Modifications:
    - target: {fileID: 400000, guid: b2c239f9b60751e4ab9034c7f2ad66b1, type: 3}
      propertyPath: m_RootOrder
      value: 6
      objectReference: {fileID: 0}
    - target: {fileID: 400000, guid: b2c239f9b60751e4ab9034c7f2ad66b1, type: 3}
      propertyPath: m_LocalPosition.x
      value: 15.099998
      objectReference: {fileID: 0}
    - target: {fileID: 400000, guid: b2c239f9b60751e4ab9034c7f2ad66b1, type: 3}
      propertyPath: m_LocalPosition.y
      value: 0
      objectReference: {fileID: 0}
    - target: {fileID: 400000, guid: b2c239f9b60751e4ab9034c7f2ad66b1, type: 3}
      propertyPath: m_LocalPosition.z
      value: -5.1
      objectReference: {fileID: 0}
    - target: {fileID: 400000, guid: b2c239f9b60751e4ab9034c7f2ad66b1, type: 3}
      propertyPath: m_LocalRotation.w
      value: 0.7071067
      objectReference: {fileID: 0}
    - target: {fileID: 400000, guid: b2c239f9b60751e4ab9034c7f2ad66b1, type: 3}
      propertyPath: m_LocalRotation.x
      value: 0
      objectReference: {fileID: 0}
    - target: {fileID: 400000, guid: b2c239f9b60751e4ab9034c7f2ad66b1, type: 3}
      propertyPath: m_LocalRotation.y
      value: -0.7071068
      objectReference: {fileID: 0}
    - target: {fileID: 400000, guid: b2c239f9b60751e4ab9034c7f2ad66b1, type: 3}
      propertyPath: m_LocalRotation.z
      value: 0
      objectReference: {fileID: 0}
    - target: {fileID: 400000, guid: b2c239f9b60751e4ab9034c7f2ad66b1, type: 3}
      propertyPath: m_LocalEulerAnglesHint.y
      value: -90
      objectReference: {fileID: 0}
    m_RemovedComponents: []
  m_SourcePrefab: {fileID: 100100000, guid: b2c239f9b60751e4ab9034c7f2ad66b1, type: 3}
--- !u!4 &1741150040 stripped
Transform:
  m_CorrespondingSourceObject: {fileID: 400000, guid: b2c239f9b60751e4ab9034c7f2ad66b1,
    type: 3}
  m_PrefabInstance: {fileID: 1741150039}
  m_PrefabAsset: {fileID: 0}
--- !u!1001 &1872510688
PrefabInstance:
  m_ObjectHideFlags: 0
  serializedVersion: 2
  m_Modification:
    m_TransformParent: {fileID: 1061694890}
    m_Modifications:
    - target: {fileID: 100000, guid: ca7c80957e4a0044c8068142334ca1b3, type: 3}
      propertyPath: m_Name
      value: roadStraight (6)
      objectReference: {fileID: 0}
    - target: {fileID: 400000, guid: ca7c80957e4a0044c8068142334ca1b3, type: 3}
      propertyPath: m_RootOrder
      value: 16
      objectReference: {fileID: 0}
    - target: {fileID: 400000, guid: ca7c80957e4a0044c8068142334ca1b3, type: 3}
      propertyPath: m_LocalPosition.x
      value: 14.999985
      objectReference: {fileID: 0}
    - target: {fileID: 400000, guid: ca7c80957e4a0044c8068142334ca1b3, type: 3}
      propertyPath: m_LocalPosition.y
      value: 0
      objectReference: {fileID: 0}
    - target: {fileID: 400000, guid: ca7c80957e4a0044c8068142334ca1b3, type: 3}
      propertyPath: m_LocalPosition.z
      value: 15
      objectReference: {fileID: 0}
    - target: {fileID: 400000, guid: ca7c80957e4a0044c8068142334ca1b3, type: 3}
      propertyPath: m_LocalRotation.w
      value: 0.7071076
      objectReference: {fileID: 0}
    - target: {fileID: 400000, guid: ca7c80957e4a0044c8068142334ca1b3, type: 3}
      propertyPath: m_LocalRotation.x
      value: 0
      objectReference: {fileID: 0}
    - target: {fileID: 400000, guid: ca7c80957e4a0044c8068142334ca1b3, type: 3}
      propertyPath: m_LocalRotation.y
      value: 0.707106
      objectReference: {fileID: 0}
    - target: {fileID: 400000, guid: ca7c80957e4a0044c8068142334ca1b3, type: 3}
      propertyPath: m_LocalRotation.z
      value: 0
      objectReference: {fileID: 0}
    - target: {fileID: 400000, guid: ca7c80957e4a0044c8068142334ca1b3, type: 3}
      propertyPath: m_LocalEulerAnglesHint.y
      value: 89.9999
      objectReference: {fileID: 0}
    m_RemovedComponents: []
  m_SourcePrefab: {fileID: 100100000, guid: ca7c80957e4a0044c8068142334ca1b3, type: 3}
--- !u!4 &1872510689 stripped
Transform:
  m_CorrespondingSourceObject: {fileID: 400000, guid: ca7c80957e4a0044c8068142334ca1b3,
    type: 3}
  m_PrefabInstance: {fileID: 1872510688}
  m_PrefabAsset: {fileID: 0}
--- !u!1001 &1893233212
PrefabInstance:
  m_ObjectHideFlags: 0
  serializedVersion: 2
  m_Modification:
    m_TransformParent: {fileID: 1061694890}
    m_Modifications:
    - target: {fileID: 400000, guid: f5a5b74b30add9048911cae29679bbce, type: 3}
      propertyPath: m_RootOrder
      value: 10
      objectReference: {fileID: 0}
    - target: {fileID: 400000, guid: f5a5b74b30add9048911cae29679bbce, type: 3}
      propertyPath: m_LocalPosition.x
      value: -25
      objectReference: {fileID: 0}
    - target: {fileID: 400000, guid: f5a5b74b30add9048911cae29679bbce, type: 3}
      propertyPath: m_LocalPosition.y
      value: 0
      objectReference: {fileID: 0}
    - target: {fileID: 400000, guid: f5a5b74b30add9048911cae29679bbce, type: 3}
      propertyPath: m_LocalPosition.z
      value: -5
      objectReference: {fileID: 0}
    - target: {fileID: 400000, guid: f5a5b74b30add9048911cae29679bbce, type: 3}
      propertyPath: m_LocalRotation.w
      value: 0.7071068
      objectReference: {fileID: 0}
    - target: {fileID: 400000, guid: f5a5b74b30add9048911cae29679bbce, type: 3}
      propertyPath: m_LocalRotation.x
      value: 0
      objectReference: {fileID: 0}
    - target: {fileID: 400000, guid: f5a5b74b30add9048911cae29679bbce, type: 3}
      propertyPath: m_LocalRotation.y
      value: 0.7071068
      objectReference: {fileID: 0}
    - target: {fileID: 400000, guid: f5a5b74b30add9048911cae29679bbce, type: 3}
      propertyPath: m_LocalRotation.z
      value: 0
      objectReference: {fileID: 0}
    - target: {fileID: 400000, guid: f5a5b74b30add9048911cae29679bbce, type: 3}
      propertyPath: m_LocalEulerAnglesHint.y
      value: 90
      objectReference: {fileID: 0}
    m_RemovedComponents: []
  m_SourcePrefab: {fileID: 100100000, guid: f5a5b74b30add9048911cae29679bbce, type: 3}
--- !u!4 &1893233213 stripped
Transform:
  m_CorrespondingSourceObject: {fileID: 400000, guid: f5a5b74b30add9048911cae29679bbce,
    type: 3}
  m_PrefabInstance: {fileID: 1893233212}
  m_PrefabAsset: {fileID: 0}
--- !u!1001 &1904320713
PrefabInstance:
  m_ObjectHideFlags: 0
  serializedVersion: 2
  m_Modification:
    m_TransformParent: {fileID: 1061694890}
    m_Modifications:
    - target: {fileID: 400000, guid: d873a0d61ff3aa941be0eb85cb9271ef, type: 3}
      propertyPath: m_RootOrder
      value: 12
      objectReference: {fileID: 0}
    - target: {fileID: 400000, guid: d873a0d61ff3aa941be0eb85cb9271ef, type: 3}
      propertyPath: m_LocalPosition.x
      value: 25
      objectReference: {fileID: 0}
    - target: {fileID: 400000, guid: d873a0d61ff3aa941be0eb85cb9271ef, type: 3}
      propertyPath: m_LocalPosition.y
      value: 0
      objectReference: {fileID: 0}
    - target: {fileID: 400000, guid: d873a0d61ff3aa941be0eb85cb9271ef, type: 3}
      propertyPath: m_LocalPosition.z
      value: 15
      objectReference: {fileID: 0}
    - target: {fileID: 400000, guid: d873a0d61ff3aa941be0eb85cb9271ef, type: 3}
      propertyPath: m_LocalRotation.w
      value: 0.7071067
      objectReference: {fileID: 0}
    - target: {fileID: 400000, guid: d873a0d61ff3aa941be0eb85cb9271ef, type: 3}
      propertyPath: m_LocalRotation.x
      value: 0
      objectReference: {fileID: 0}
    - target: {fileID: 400000, guid: d873a0d61ff3aa941be0eb85cb9271ef, type: 3}
      propertyPath: m_LocalRotation.y
      value: 0.7071068
      objectReference: {fileID: 0}
    - target: {fileID: 400000, guid: d873a0d61ff3aa941be0eb85cb9271ef, type: 3}
      propertyPath: m_LocalRotation.z
      value: 0
      objectReference: {fileID: 0}
    - target: {fileID: 400000, guid: d873a0d61ff3aa941be0eb85cb9271ef, type: 3}
      propertyPath: m_LocalEulerAnglesHint.y
      value: 90
      objectReference: {fileID: 0}
    m_RemovedComponents: []
  m_SourcePrefab: {fileID: 100100000, guid: d873a0d61ff3aa941be0eb85cb9271ef, type: 3}
--- !u!4 &1904320714 stripped
Transform:
  m_CorrespondingSourceObject: {fileID: 400000, guid: d873a0d61ff3aa941be0eb85cb9271ef,
    type: 3}
  m_PrefabInstance: {fileID: 1904320713}
  m_PrefabAsset: {fileID: 0}
--- !u!1001 &1921587567
PrefabInstance:
  m_ObjectHideFlags: 0
  serializedVersion: 2
  m_Modification:
    m_TransformParent: {fileID: 1061694890}
    m_Modifications:
    - target: {fileID: 400004, guid: c8680fab33c72bb4ba3e31987e0b0182, type: 3}
      propertyPath: m_RootOrder
      value: 0
      objectReference: {fileID: 0}
    - target: {fileID: 400004, guid: c8680fab33c72bb4ba3e31987e0b0182, type: 3}
      propertyPath: m_LocalScale.x
      value: 0.29999998
      objectReference: {fileID: 0}
    - target: {fileID: 400004, guid: c8680fab33c72bb4ba3e31987e0b0182, type: 3}
      propertyPath: m_LocalScale.y
      value: 0.29999998
      objectReference: {fileID: 0}
    - target: {fileID: 400004, guid: c8680fab33c72bb4ba3e31987e0b0182, type: 3}
      propertyPath: m_LocalScale.z
      value: 0.3
      objectReference: {fileID: 0}
    - target: {fileID: 400004, guid: c8680fab33c72bb4ba3e31987e0b0182, type: 3}
      propertyPath: m_LocalPosition.x
      value: -19.970001
      objectReference: {fileID: 0}
    - target: {fileID: 400004, guid: c8680fab33c72bb4ba3e31987e0b0182, type: 3}
      propertyPath: m_LocalPosition.y
      value: 1.4
      objectReference: {fileID: 0}
    - target: {fileID: 400004, guid: c8680fab33c72bb4ba3e31987e0b0182, type: 3}
      propertyPath: m_LocalPosition.z
      value: 1.6799998
      objectReference: {fileID: 0}
    - target: {fileID: 400004, guid: c8680fab33c72bb4ba3e31987e0b0182, type: 3}
      propertyPath: m_LocalRotation.w
      value: 0.5621999
      objectReference: {fileID: 0}
    - target: {fileID: 400004, guid: c8680fab33c72bb4ba3e31987e0b0182, type: 3}
      propertyPath: m_LocalRotation.x
      value: -0.5621999
      objectReference: {fileID: 0}
    - target: {fileID: 400004, guid: c8680fab33c72bb4ba3e31987e0b0182, type: 3}
      propertyPath: m_LocalRotation.y
      value: 0.4288721
      objectReference: {fileID: 0}
    - target: {fileID: 400004, guid: c8680fab33c72bb4ba3e31987e0b0182, type: 3}
      propertyPath: m_LocalRotation.z
      value: 0.4288721
      objectReference: {fileID: 0}
    - target: {fileID: 400004, guid: c8680fab33c72bb4ba3e31987e0b0182, type: 3}
      propertyPath: m_LocalEulerAnglesHint.y
      value: 74.6761
      objectReference: {fileID: 0}
    m_RemovedComponents: []
  m_SourcePrefab: {fileID: 100100000, guid: c8680fab33c72bb4ba3e31987e0b0182, type: 3}
--- !u!4 &1921587568 stripped
Transform:
  m_CorrespondingSourceObject: {fileID: 400004, guid: c8680fab33c72bb4ba3e31987e0b0182,
    type: 3}
  m_PrefabInstance: {fileID: 1921587567}
  m_PrefabAsset: {fileID: 0}
--- !u!1001 &2066099101
PrefabInstance:
  m_ObjectHideFlags: 0
  serializedVersion: 2
  m_Modification:
    m_TransformParent: {fileID: 1061694890}
    m_Modifications:
    - target: {fileID: 100000, guid: f34457aefb5bca94fa9fb35aa61fb3e7, type: 3}
      propertyPath: m_Name
      value: roadCornerSmallBorder (1)
      objectReference: {fileID: 0}
    - target: {fileID: 400000, guid: f34457aefb5bca94fa9fb35aa61fb3e7, type: 3}
      propertyPath: m_RootOrder
      value: 25
      objectReference: {fileID: 0}
    - target: {fileID: 400000, guid: f34457aefb5bca94fa9fb35aa61fb3e7, type: 3}
      propertyPath: m_LocalPosition.x
      value: 35
      objectReference: {fileID: 0}
    - target: {fileID: 400000, guid: f34457aefb5bca94fa9fb35aa61fb3e7, type: 3}
      propertyPath: m_LocalPosition.y
      value: 0
      objectReference: {fileID: 0}
    - target: {fileID: 400000, guid: f34457aefb5bca94fa9fb35aa61fb3e7, type: 3}
      propertyPath: m_LocalPosition.z
      value: -5
      objectReference: {fileID: 0}
    - target: {fileID: 400000, guid: f34457aefb5bca94fa9fb35aa61fb3e7, type: 3}
      propertyPath: m_LocalRotation.w
      value: -0.00000016292068
      objectReference: {fileID: 0}
    - target: {fileID: 400000, guid: f34457aefb5bca94fa9fb35aa61fb3e7, type: 3}
      propertyPath: m_LocalRotation.x
      value: 0
      objectReference: {fileID: 0}
    - target: {fileID: 400000, guid: f34457aefb5bca94fa9fb35aa61fb3e7, type: 3}
      propertyPath: m_LocalRotation.y
      value: 1
      objectReference: {fileID: 0}
    - target: {fileID: 400000, guid: f34457aefb5bca94fa9fb35aa61fb3e7, type: 3}
      propertyPath: m_LocalRotation.z
      value: 0
      objectReference: {fileID: 0}
    - target: {fileID: 400000, guid: f34457aefb5bca94fa9fb35aa61fb3e7, type: 3}
      propertyPath: m_LocalEulerAnglesHint.y
      value: 180
      objectReference: {fileID: 0}
    m_RemovedComponents: []
  m_SourcePrefab: {fileID: 100100000, guid: f34457aefb5bca94fa9fb35aa61fb3e7, type: 3}
--- !u!4 &2066099102 stripped
Transform:
  m_CorrespondingSourceObject: {fileID: 400000, guid: f34457aefb5bca94fa9fb35aa61fb3e7,
    type: 3}
  m_PrefabInstance: {fileID: 2066099101}
  m_PrefabAsset: {fileID: 0}
--- !u!1001 &2107747511
PrefabInstance:
  m_ObjectHideFlags: 0
  serializedVersion: 2
  m_Modification:
    m_TransformParent: {fileID: 1061694890}
    m_Modifications:
    - target: {fileID: 100000, guid: 002276cc119770f4c8b9797abd47f7e5, type: 3}
      propertyPath: m_Name
      value: roadRampLongCurvedWall (1)
      objectReference: {fileID: 0}
    - target: {fileID: 400000, guid: 002276cc119770f4c8b9797abd47f7e5, type: 3}
      propertyPath: m_RootOrder
      value: 21
      objectReference: {fileID: 0}
    - target: {fileID: 400000, guid: 002276cc119770f4c8b9797abd47f7e5, type: 3}
      propertyPath: m_LocalPosition.x
      value: -25
      objectReference: {fileID: 0}
    - target: {fileID: 400000, guid: 002276cc119770f4c8b9797abd47f7e5, type: 3}
      propertyPath: m_LocalPosition.y
      value: 0
      objectReference: {fileID: 0}
    - target: {fileID: 400000, guid: 002276cc119770f4c8b9797abd47f7e5, type: 3}
      propertyPath: m_LocalPosition.z
      value: 15
      objectReference: {fileID: 0}
    - target: {fileID: 400000, guid: 002276cc119770f4c8b9797abd47f7e5, type: 3}
      propertyPath: m_LocalRotation.w
      value: 0.7071067
      objectReference: {fileID: 0}
    - target: {fileID: 400000, guid: 002276cc119770f4c8b9797abd47f7e5, type: 3}
      propertyPath: m_LocalRotation.x
      value: 0
      objectReference: {fileID: 0}
    - target: {fileID: 400000, guid: 002276cc119770f4c8b9797abd47f7e5, type: 3}
      propertyPath: m_LocalRotation.y
      value: 0.7071068
      objectReference: {fileID: 0}
    - target: {fileID: 400000, guid: 002276cc119770f4c8b9797abd47f7e5, type: 3}
      propertyPath: m_LocalRotation.z
      value: 0
      objectReference: {fileID: 0}
    - target: {fileID: 400000, guid: 002276cc119770f4c8b9797abd47f7e5, type: 3}
      propertyPath: m_LocalEulerAnglesHint.y
      value: 90
      objectReference: {fileID: 0}
    m_RemovedComponents: []
  m_SourcePrefab: {fileID: 100100000, guid: 002276cc119770f4c8b9797abd47f7e5, type: 3}
--- !u!4 &2107747512 stripped
Transform:
  m_CorrespondingSourceObject: {fileID: 400000, guid: 002276cc119770f4c8b9797abd47f7e5,
    type: 3}
  m_PrefabInstance: {fileID: 2107747511}
  m_PrefabAsset: {fileID: 0}
--- !u!1001 &2135074946
PrefabInstance:
  m_ObjectHideFlags: 0
  serializedVersion: 2
  m_Modification:
    m_TransformParent: {fileID: 1061694890}
    m_Modifications:
    - target: {fileID: 100000, guid: d873a0d61ff3aa941be0eb85cb9271ef, type: 3}
      propertyPath: m_Name
      value: roadCornerSmall (1)
      objectReference: {fileID: 0}
    - target: {fileID: 400000, guid: d873a0d61ff3aa941be0eb85cb9271ef, type: 3}
      propertyPath: m_RootOrder
      value: 17
      objectReference: {fileID: 0}
    - target: {fileID: 400000, guid: d873a0d61ff3aa941be0eb85cb9271ef, type: 3}
      propertyPath: m_LocalPosition.x
      value: -35
      objectReference: {fileID: 0}
    - target: {fileID: 400000, guid: d873a0d61ff3aa941be0eb85cb9271ef, type: 3}
      propertyPath: m_LocalPosition.y
      value: 0
      objectReference: {fileID: 0}
    - target: {fileID: 400000, guid: d873a0d61ff3aa941be0eb85cb9271ef, type: 3}
      propertyPath: m_LocalPosition.z
      value: 5
      objectReference: {fileID: 0}
    - target: {fileID: 400000, guid: d873a0d61ff3aa941be0eb85cb9271ef, type: 3}
      propertyPath: m_LocalRotation.w
      value: 1
      objectReference: {fileID: 0}
    - target: {fileID: 400000, guid: d873a0d61ff3aa941be0eb85cb9271ef, type: 3}
      propertyPath: m_LocalRotation.x
      value: 0
      objectReference: {fileID: 0}
    - target: {fileID: 400000, guid: d873a0d61ff3aa941be0eb85cb9271ef, type: 3}
      propertyPath: m_LocalRotation.y
      value: 0
      objectReference: {fileID: 0}
    - target: {fileID: 400000, guid: d873a0d61ff3aa941be0eb85cb9271ef, type: 3}
      propertyPath: m_LocalRotation.z
      value: 0
      objectReference: {fileID: 0}
    - target: {fileID: 400000, guid: d873a0d61ff3aa941be0eb85cb9271ef, type: 3}
      propertyPath: m_LocalEulerAnglesHint.y
      value: 0
      objectReference: {fileID: 0}
    m_RemovedComponents: []
  m_SourcePrefab: {fileID: 100100000, guid: d873a0d61ff3aa941be0eb85cb9271ef, type: 3}
--- !u!4 &2135074947 stripped
Transform:
  m_CorrespondingSourceObject: {fileID: 400000, guid: d873a0d61ff3aa941be0eb85cb9271ef,
    type: 3}
  m_PrefabInstance: {fileID: 2135074946}
  m_PrefabAsset: {fileID: 0}
--- !u!1001 &2145081060
PrefabInstance:
  m_ObjectHideFlags: 0
  serializedVersion: 2
  m_Modification:
    m_TransformParent: {fileID: 1061694890}
    m_Modifications:
    - target: {fileID: 400000, guid: ca7c80957e4a0044c8068142334ca1b3, type: 3}
      propertyPath: m_RootOrder
      value: 13
      objectReference: {fileID: 0}
    - target: {fileID: 400000, guid: ca7c80957e4a0044c8068142334ca1b3, type: 3}
      propertyPath: m_LocalPosition.x
      value: 25
      objectReference: {fileID: 0}
    - target: {fileID: 400000, guid: ca7c80957e4a0044c8068142334ca1b3, type: 3}
      propertyPath: m_LocalPosition.y
      value: 0
      objectReference: {fileID: 0}
    - target: {fileID: 400000, guid: ca7c80957e4a0044c8068142334ca1b3, type: 3}
      propertyPath: m_LocalPosition.z
      value: -5
      objectReference: {fileID: 0}
    - target: {fileID: 400000, guid: ca7c80957e4a0044c8068142334ca1b3, type: 3}
      propertyPath: m_LocalRotation.w
      value: 1
      objectReference: {fileID: 0}
    - target: {fileID: 400000, guid: ca7c80957e4a0044c8068142334ca1b3, type: 3}
      propertyPath: m_LocalRotation.x
      value: 0
      objectReference: {fileID: 0}
    - target: {fileID: 400000, guid: ca7c80957e4a0044c8068142334ca1b3, type: 3}
      propertyPath: m_LocalRotation.y
      value: 0
      objectReference: {fileID: 0}
    - target: {fileID: 400000, guid: ca7c80957e4a0044c8068142334ca1b3, type: 3}
      propertyPath: m_LocalRotation.z
      value: 0
      objectReference: {fileID: 0}
    m_RemovedComponents: []
  m_SourcePrefab: {fileID: 100100000, guid: ca7c80957e4a0044c8068142334ca1b3, type: 3}
--- !u!4 &2145081061 stripped
Transform:
  m_CorrespondingSourceObject: {fileID: 400000, guid: ca7c80957e4a0044c8068142334ca1b3,
    type: 3}
  m_PrefabInstance: {fileID: 2145081060}
  m_PrefabAsset: {fileID: 0}
